"Count","Tradelist Count","Name","Edition","Condition","Language","Foil","Tags","Last Modified","Collector Number","Alter","Proxy","Purchase Price"
"1","1","A Realm Reborn","fin","Near Mint","English","foil","","2026-01-03 19:33:47.777000","566","False","False","108.68"
"1","1","Aang, Airbending Master","tle","Near Mint","English","","","2026-03-07 14:11:52.470000","74","False","True",""
"1","1","Aang, at the Crossroads // Aang, Destined Savior","tla","Near Mint","English","","","2026-01-03 15:47:18.680000","203","False","False",""
"1","1","Aang, Swift Savior // Aang and La, Ocean's Fury","tla","Near Mint","English","","","2026-01-02 19:17:04.463000","204","False","False","35.63"
"1","1","Aang, the Last Airbender","tla","Near Mint","English","","","2026-01-02 19:17:04.463000","4","False","False","0.75"
"1","1","Aang's Iceberg","tla","Near Mint","English","","","2026-01-02 19:17:04.463000","336","False","False","6.72"
"1","1","Aang's Iceberg","tla","Near Mint","English","","","2026-01-02 19:17:04.463000","5","False","False","3.36"
"3","3","Aang's Journey","tla","Near Mint","English","","","2026-01-02 19:17:04.463000","1","False","False","0.67"
"4","4","Abandon Attachments","tla","Near Mint","English","","","2026-01-02 19:17:04.463000","205","False","False","1.57"
"1","1","Abandoned Air Temple","tla","Near Mint","English","","","2026-01-20 19:31:16.227000","263","False","True",""
"1","1","Abrade","cmm","Near Mint","English","","","2026-03-01 15:11:23.657000","203","False","False","0.90"
"1","1","Abrade","tdc","Near Mint","English","","","2025-12-25 18:47:35.310000","203","False","False",""
"1","1","Abrade","tdc","Near Mint","English","","","2025-04-08 16:09:19.083000","203","False","False",""
"1","1","Abrade","blc","Near Mint","English","","","2025-12-25 18:44:52.140000","191","False","False",""
"1","1","Absolute Virtue","fin","Near Mint","English","","","2026-02-12 19:00:18.123000","212","False","False","14.86"
"1","1","Absolute Virtue","fin","Near Mint","English","","","2026-01-03 19:33:47.777000","212","False","False","14.86"
"1","1","Abstruse Appropriation","mh3","Near Mint","English","","","2026-04-02 19:47:27.573000","177","False","False","1.42"
"1","1","Abuelo, Ancestral Echo","lci","Near Mint","English","","","2026-02-23 08:09:10.230000","219","False","True",""
"2","2","Abundant Harvest","cmm","Near Mint","English","","","2026-03-01 15:11:23.657000","269","False","False","0.67"
"2","2","Academy Ruins","drc","Near Mint","English","","","2026-03-08 12:49:34.670000","58","False","True",""
"1","1","Access Tunnel","mkc","Near Mint","English","","","2026-03-05 19:30:33.273000","247","False","False","3.06"
"1","1","Accumulate Wisdom","tla","Near Mint","English","","","2026-01-02 19:17:04.463000","44","False","False","11.50"
"1","1","Accursed Duneyard","drc","Near Mint","English","","","2025-04-08 17:35:21.267000","20","False","False",""
"2","2","Accursed Duneyard","drc","Near Mint","English","","","2025-12-25 18:47:26.150000","20","False","False",""
"4","4","Accursed Marauder","mh3","Near Mint","English","","","2026-04-02 19:47:27.573000","80","False","False","2.17"
"1","1","Accursed Marauder","mh3","Near Mint","English","","","2026-03-05 19:30:33.273000","80","False","False","2.09"
"1","1","Adaptive Training Post","tdc","Near Mint","English","","","2025-04-08 16:09:19.083000","18","False","False",""
"1","1","Adaptive Training Post","tdc","Near Mint","English","","","2025-12-25 18:47:35.310000","18","False","False",""
"1","1","Adarkar Wastes","tdc","Near Mint","English","","","2025-12-25 18:47:35.310000","338","False","False",""
"2","2","Adarkar Wastes","drc","Near Mint","English","","","2025-12-25 18:47:26.150000","144","False","False",""
"1","1","Adarkar Wastes","blc","Near Mint","English","","","2025-12-25 18:44:26.810000","291","False","False",""
"1","1","Adarkar Wastes","m3c","Near Mint","English","","","2025-04-08 16:12:26.480000","316","False","False",""
"1","1","Adarkar Wastes","m3c","Near Mint","English","","","2025-12-25 18:47:18.820000","316","False","False",""
"1","1","Adarkar Wastes","drc","Near Mint","English","","","2025-04-08 17:35:21.267000","144","False","False",""
"2","2","Adarkar Wastes","tdc","Near Mint","English","","","2026-03-07 12:56:08.723000","338","False","True",""
"1","1","Adarkar Wastes","tdc","Near Mint","English","","","2025-04-08 16:09:19.083000","338","False","False",""
"1","1","Adelbert Steiner","fin","Near Mint","English","","","2026-01-03 19:33:47.777000","3","False","False","0.60"
"1","1","Adelbert Steiner","fin","Near Mint","English","","","2026-02-12 19:00:18.123000","3","False","False","0.60"
"1","1","Adeline, Resplendent Cathar","mid","Near Mint","English","","","2026-03-06 07:19:40.293000","1","False","True",""
"1","1","Adriana, Captain of the Guard","dmc","Near Mint","English","","","2026-03-06 07:21:54.790000","139","False","True",""
"3","3","Adventurer's Airship","fin","Near Mint","English","","","2026-02-12 19:00:18.123000","252","False","False","0.35"
"1","1","Adventurer's Airship","fin","Near Mint","English","foil","","2026-02-12 19:00:18.123000","252","False","False","0.60"
"1","1","Adventurer's Airship","fin","Near Mint","English","","","2026-01-03 19:33:47.777000","252","False","False","0.30"
"2","2","Adventurer's Inn","fin","Near Mint","English","","","2026-01-03 19:33:47.777000","271","False","False","0.67"
"3","3","Adventurer's Inn","fin","Near Mint","English","","","2026-02-12 19:00:18.123000","271","False","False","0.65"
"2","2","Aerie Auxiliary","mh3","Near Mint","English","","","2026-04-02 19:47:27.573000","18","False","False","0.75"
"1","1","Aerith Gainsborough","fin","Near Mint","English","","","2026-02-12 19:00:18.123000","4","False","False","10.31"
"1","1","Aerith Rescue Mission","fin","Near Mint","English","","","2026-01-03 19:33:47.777000","5","False","False","0.52"
"3","3","Aerith Rescue Mission","fin","Near Mint","English","","","2026-02-12 19:00:18.123000","5","False","False","0.37"
"1","1","Aesi, Tyrant of Gyre Strait","dsc","Near Mint","English","","","2026-04-14 18:13:59.323000","210","False","False",""
"1","1","Aether Channeler","dmu","Near Mint","English","","","2026-03-08 12:49:55.150000","42","False","True",""
"1","1","Aether Hub","m3c","Near Mint","English","","","2025-12-25 18:47:18.820000","317","False","False",""
"1","1","Aether Hub","m3c","Near Mint","English","","","2025-04-08 16:12:26.480000","317","False","False",""
"1","1","Aether Refinery","m3c","Near Mint","English","","","2025-04-08 16:12:26.480000","106","False","False",""
"1","1","Aether Refinery","m3c","Near Mint","English","","","2025-12-25 18:47:18.820000","106","False","False",""
"1","1","Aether Revolt","mh3","Near Mint","English","","","2026-04-02 19:47:27.573000","113","False","False","1.27"
"1","1","Aether Spellbomb","j22","Near Mint","English","","","2026-03-08 12:49:59.760000","752","False","True",""
"3","3","Aether Spike","mh3","Near Mint","English","","","2026-04-02 19:47:27.573000","50","False","False","0.60"
"1","1","Aetherflux Reservoir","pkld","Near Mint","English","foil","","2026-03-08 12:50:04.193000","192s","False","True",""
"1","1","Aethergeode Miner","m3c","Near Mint","English","","","2025-12-25 18:47:18.820000","163","False","False",""
"1","1","Aethergeode Miner","m3c","Near Mint","English","","","2025-04-08 16:12:26.480000","163","False","False",""
"1","1","Aetherize","lcc","Near Mint","English","","","2026-03-07 12:43:40.187000","142","False","True",""
"1","1","Aethersphere Harvester","m3c","Near Mint","English","","","2025-04-08 16:12:26.480000","280","False","False",""
"1","1","Aethersphere Harvester","m3c","Near Mint","English","","","2025-12-25 18:47:18.820000","280","False","False",""
"1","1","Aethersquall Ancient","m3c","Near Mint","English","","","2025-12-25 18:47:18.820000","174","False","False",""
"1","1","Aethersquall Ancient","m3c","Near Mint","English","","","2025-04-08 16:12:26.480000","174","False","False",""
"1","1","Aetherstorm Roc","m3c","Near Mint","English","","","2025-12-25 18:47:18.820000","164","False","False",""
"1","1","Aetherstorm Roc","m3c","Near Mint","English","","","2025-04-08 16:12:26.480000","164","False","False",""
"1","1","Aethertide Whale","m3c","Near Mint","English","","","2025-12-25 18:47:18.820000","175","False","False",""
"1","1","Aethertide Whale","m3c","Near Mint","English","","","2025-04-08 16:12:26.480000","175","False","False",""
"1","1","Aetherworks Marvel","m3c","Near Mint","English","","","2025-12-25 18:47:18.820000","281","False","False",""
"1","1","Aetherworks Marvel","m3c","Near Mint","English","","","2025-04-08 16:12:26.480000","281","False","False",""
"1","1","Afterlife from the Loam","tdc","Near Mint","English","","","2025-04-08 16:08:38.530000","25","False","False",""
"1","1","Afterlife from the Loam","tdc","Near Mint","English","","","2025-12-25 18:47:54.260000","25","False","False",""
"2","2","Agadeem's Awakening // Agadeem, the Undercrypt","znr","Near Mint","English","","","2026-04-14 17:22:47.290000","90","False","True",""
"2","2","Agadeem's Awakening // Agadeem, the Undercrypt","znr","Near Mint","English","","","2026-04-24 19:17:35.287000","90","False","False",""
"1","1","Agent Frank Horrigan","pip","Near Mint","English","","","2025-12-25 18:47:44.880000","89","False","False",""
"1","1","Agent Frank Horrigan","pip","Near Mint","English","","","2025-04-08 16:10:20.207000","89","False","False",""
"1","1","Agent of the Iron Throne","clb","Near Mint","English","","","2026-02-15 09:04:52.960000","107","False","True",""
"2","2","Aggravated Assault","wot","Near Mint","English","foil","","2026-04-13 16:33:51.997000","76","False","True",""
"1","1","Agna Qel'a","tla","Near Mint","English","","","2026-01-20 19:31:21.937000","264","False","True",""
"4","4","Ahriman","fin","Near Mint","English","","","2026-01-03 19:33:47.777000","87","False","False","0.45"
"6","6","Ahriman","fin","Near Mint","English","","","2026-02-12 19:00:18.123000","87","False","False","0.44"
"1","1","Ainok Bond-Kin","cmm","Near Mint","English","","","2026-03-01 15:11:23.657000","7","False","False","0.45"
"2","2","Air Nomad Legacy","tla","Near Mint","English","","","2026-01-02 19:17:04.463000","206","False","False","0.90"
"1","1","Airbender Ascension","tla","Near Mint","English","","","2026-01-02 19:17:04.463000","6","False","False","8.37"
"2","2","Airbender's Reversal","tla","Near Mint","English","","","2026-01-02 19:17:04.463000","7","False","False","1.12"
"4","4","Airbending Lesson","tla","Near Mint","English","","","2026-01-02 19:17:04.463000","8","False","False","0.60"
"1","1","Airship Crash","fin","Near Mint","English","","","2026-02-12 19:00:18.123000","171","False","False","0.37"
"1","1","Airship Engine Room","tla","Near Mint","English","","","2026-01-02 19:17:04.463000","265","False","False","0.45"
"1","1","Ajani Fells the Godsire","mh3","Near Mint","English","","","2026-04-02 19:47:27.573000","19","False","False","0.52"
"1","1","Akiri, Fearless Voyager","cmm","Near Mint","English","","","2026-03-01 15:11:23.657000","335","False","False","4.93"
"1","1","Akroma's Memorial","tsr","Near Mint","English","","","2026-03-08 12:50:13.957000","262","False","True",""
"1","1","Akroma's Will","m3c","Near Mint","English","","","2025-12-25 18:47:18.820000","165","False","False",""
"1","1","Akroma's Will","m3c","Near Mint","English","","","2026-03-06 07:17:36.127000","165","False","True",""
"1","1","Akroma's Will","m3c","Near Mint","English","","","2025-04-08 16:12:26.480000","165","False","False",""
"2","2","Al Bhed Salvagers","fin","Near Mint","English","","","2026-01-03 19:33:47.777000","88","False","False","0.97"
"3","3","Al Bhed Salvagers","fin","Near Mint","English","","","2026-02-12 19:00:18.123000","88","False","False","1.02"
"1","1","Alania, Divergent Storm","blb","Near Mint","English","","","2026-04-05 09:10:22.557000","204","False","True",""
"1","1","Alchemist's Refuge","lcc","Near Mint","English","","","2026-04-24 19:17:35.287000","318","False","False",""
"1","1","Alchemist's Talent","blc","Near Mint","English","","","2025-12-25 18:44:52.140000","22","False","False",""
"1","1","Alesha, Who Laughs at Fate","fdn","Near Mint","English","","","2026-04-14 18:13:59.323000","115","False","False",""
"1","1","Alesha, Who Smiles at Death","c20","Near Mint","English","","","2026-04-14 18:13:59.323000","143","False","False",""
"1","1","Aligned Heart","tdc","Near Mint","English","","","2025-12-25 18:47:35.310000","12","False","False",""
"1","1","Aligned Heart","tdc","Near Mint","English","","","2025-04-08 16:09:19.083000","12","False","False",""
"1","1","All Is Dust","m3c","Near Mint","English","","","2025-08-23 13:48:13.713000","152","False","False",""
"1","1","All That Glitters","cmm","Near Mint","English","","","2026-03-01 15:11:23.657000","9","False","False","2.62"
"1","1","All That Glitters","eld","Near Mint","English","foil","","2025-08-23 13:51:16.910000","2","False","False",""
"1","1","All That Glitters","cmm","Near Mint","English","","","2026-03-01 15:11:23.657000","622","False","False","2.54"
"1","1","All Will Be One","one","Near Mint","English","foil","","2026-04-14 18:13:59.323000","352","False","False",""
"1","1","All Will Be One","one","Near Mint","English","","","2025-08-23 13:49:11.057000","118","False","False",""
"1","1","All-Fates Scroll","eoe","Near Mint","English","","","2026-03-07 21:10:57.633000","234","False","True",""
"3","3","Allies at Last","tla","Near Mint","English","","","2026-01-02 19:17:04.463000","164","False","False","0.82"
"1","1","Alms Collector","cmm","Near Mint","English","","","2026-03-01 15:11:23.657000","10","False","False","4.48"
"1","1","Alpha Deathclaw","pip","Near Mint","English","","","2025-04-08 16:10:20.207000","91","False","False",""
"1","1","Alpha Deathclaw","pip","Near Mint","English","","","2025-12-25 18:47:44.880000","91","False","False",""
"1","1","Alrund's Epiphany","khm","Near Mint","English","","","2025-08-23 13:48:33.477000","295","False","False",""
"1","1","Altar of Dementia","cns","Near Mint","English","","","2026-03-03 16:53:15.783000","196","False","True",""
"1","1","Altar of the Brood","ktk","Near Mint","English","","","2026-04-14 17:52:53.257000","216","False","True",""
"1","1","Altar of the Goyf","m3c","Near Mint","English","","","2026-02-12 18:59:33.250000","282","False","False","0.82"
"1","1","Amarant Coral","fic","Near Mint","English","foil","","2026-02-12 19:00:18.123000","457","False","False","16.29"
"1","1","Ambrosia Whiteheart","fin","Near Mint","English","","","2026-02-12 19:00:18.123000","6","False","False","0.75"
"1","1","Ambrosia Whiteheart","fin","Near Mint","English","","","2026-01-03 19:33:47.777000","6","False","False","0.75"
"1","1","Aminatou's Augury","c18","Near Mint","English","","","2025-08-23 13:48:33.477000","6","False","False",""
"1","1","Amped Raptor","mh3","Near Mint","English","","","2026-04-02 19:47:27.573000","114","False","False","1.72"
"1","1","Amped Raptor","mh3","Near Mint","English","","","2025-12-25 18:47:18.820000","114","False","False",""
"1","1","Amped Raptor","mh3","Near Mint","English","","","2025-04-08 16:12:26.480000","114","False","False",""
"1","1","Amphibian Downpour","mh3","Near Mint","English","","","2026-04-02 19:47:27.573000","51","False","False","11.58"
"1","1","Amphin Mutineer","tdc","Near Mint","English","","","2025-12-25 18:47:54.260000","143","False","False",""
"1","1","Amphin Mutineer","tdc","Near Mint","English","","","2025-04-08 16:08:38.530000","143","False","False",""
"1","1","Amulet of Vigor","wwk","Near Mint","English","","","2026-03-07 21:11:01.760000","121","False","True",""
"1","1","An Offer You Can't Refuse","snc","Near Mint","English","","","2026-02-12 18:59:45.910000","51","False","False","14.87"
"1","1","An Offer You Can't Refuse","blc","Near Mint","English","","","2025-12-25 18:44:26.810000","170","False","False",""
"4","4","An Offer You Can't Refuse","blc","Near Mint","English","","","2026-04-14 17:51:14.423000","170","False","True",""
"1","1","An Offer You Can't Refuse","snc","Near Mint","English","","","2026-03-08 12:48:53.113000","51","False","False",""
"1","1","Anafenza, Kin-Tree Spirit","cmm","Near Mint","English","","","2026-03-01 15:11:23.657000","11","False","False","1.20"
"1","1","Anax, Hardened in the Forge","cmm","Near Mint","English","","","2026-03-01 15:11:23.657000","204","False","False","0.90"
"2","2","Ancestral Blade","cmm","Near Mint","English","","","2026-03-01 15:11:23.657000","12","False","False","0.37"
"1","1","Ancestral Vision","tdc","Near Mint","English","","","2025-04-08 16:09:19.083000","144","False","False",""
"1","1","Ancestral Vision","tdc","Near Mint","English","","","2025-12-25 18:47:35.310000","144","False","False",""
"1","1","Ancient Brass Dragon","clb","Near Mint","English","","","2026-04-14 18:13:59.323000","389","False","False",""
"1","1","Ancient Bronze Dragon","clb","Near Mint","English","","","2026-04-14 18:13:59.323000","406","False","False",""
"1","1","Ancient Copper Dragon","clb","Near Mint","English","","","2026-04-14 18:13:59.323000","396","False","False",""
"1","1","Ancient Gold Dragon","clb","Near Mint","English","","","2026-04-14 18:13:59.323000","376","False","False",""
"1","1","Ancient Silver Dragon","clb","Near Mint","English","","","2026-04-14 18:13:59.323000","382","False","False",""
"1","1","Ancient Tomb","tmp","Near Mint","English","","","2025-08-23 13:51:16.910000","315","False","False",""
"1","1","Andúril, Narsil Reforged","ltc","Near Mint","English","foil","","2026-02-12 18:59:45.910000","491","False","False","48.86"
"1","1","Angel of Glory's Rise","mic","Near Mint","English","","","2026-03-06 07:25:37.723000","79","False","True",""
"1","1","Angel of Indemnity","otc","Near Mint","English","","","2025-08-23 13:50:26.263000","9","False","False",""
"1","1","Angel of Invention","m3c","Near Mint","English","","","2025-04-08 16:12:26.480000","166","False","False",""
"1","1","Angel of Invention","m3c","Near Mint","English","","","2025-12-25 18:47:18.820000","166","False","False",""
"2","2","Angel of Sanctions","drc","Near Mint","English","","","2025-12-25 18:47:26.150000","62","False","False",""
"1","1","Angel of Sanctions","drc","Near Mint","English","","","2025-04-08 17:35:21.267000","62","False","False",""
"2","2","Angel of the Ruins","mh3","Near Mint","English","","","2026-04-02 19:47:27.573000","262","False","False","1.27"
"1","1","Angelic Destiny","m12","Near Mint","English","","","2025-08-23 13:51:16.910000","3","False","False",""
"1","1","Animal Magnetism","cmm","Near Mint","English","","","2026-03-01 15:11:23.657000","271","False","False","0.30"
"1","1","Animate Dead","3ed","Near Mint","English","","","2026-04-24 19:18:57.867000","93","False","False",""
"2","2","Animate Dead","mkc","Near Mint","English","","","2026-04-14 17:28:07.153000","125","False","True",""
"1","1","Annie Joins Up","otj","Near Mint","English","","","2026-03-07 21:28:21.813000","191","False","True",""
"2","2","Annoyed Altisaur","mh3","Near Mint","English","","","2026-04-02 19:47:27.573000","284","False","False","0.82"
"2","2","Anointed Procession","akh","Near Mint","English","","","2026-04-24 19:16:57.227000","2","False","False",""
"1","1","Anticausal Vestige","eoe","Near Mint","English","","","2025-08-23 13:50:26.263000","1","False","False",""
"1","1","Aphotic Wisps","plst","Near Mint","English","","","2026-01-20 20:12:21.300000","SHM-55","False","True",""
"1","1","Appa, Loyal Sky Bison","tla","Near Mint","English","","","2026-01-02 19:17:04.463000","9","False","False","0.67"
"1","1","Appa, Steadfast Guardian","tla","Near Mint","English","","","2026-01-02 19:17:04.463000","10","False","False","102.48"
"1","1","Appa, the Vigilant","tle","Near Mint","English","","","2026-01-20 19:17:04.120000","62","False","True",""
"1","1","Arachnogenesis","dsc","Near Mint","English","","","2026-02-15 09:21:30.693000","169","False","True",""
"1","1","Aragorn, Hornburg Hero","ltc","Near Mint","English","foil","","2026-02-12 18:59:45.910000","492","False","False","8.59"
"1","1","Aragorn, the Uniter","ltr","Near Mint","English","","","2026-02-12 18:59:45.910000","192","False","False","34.22"
"1","1","Arbor Adherent","tdc","Near Mint","English","","","2025-08-23 13:49:47.327000","82","False","False",""
"1","1","Arcane Bombardment","snc","Near Mint","English","","","2026-02-22 20:43:54.067000","101","False","True",""
"1","1","Arcane Denial","drc","Near Mint","English","","","2026-03-08 12:48:53.113000","70","False","False",""
"1","1","Arcane Denial","drc","Near Mint","English","","","2026-02-12 18:59:45.910000","70","False","False","17.48"
"1","1","Arcane Denial","ltc","Near Mint","English","","","2025-08-23 13:49:11.057000","184","False","False",""
"1","1","Arcane Melee","c13","Near Mint","English","","","2026-03-01 15:11:23.657000","29","False","False","2.09"
"1","1","Arcane Sanctum","drc","Near Mint","English","","","2025-04-08 17:35:21.267000","146","False","False",""
"2","2","Arcane Sanctum","drc","Near Mint","English","","","2025-12-25 18:47:26.150000","146","False","False",""
"2","2","Arcane Signet","tdc","Near Mint","English","","","2025-12-25 18:47:54.260000","105","False","False",""
"1","1","Arcane Signet","m3c","Near Mint","English","","","2025-12-25 18:47:18.820000","283","False","False",""
"1","1","Arcane Signet","m3c","Near Mint","English","","","2025-04-08 16:12:26.480000","283","False","False",""
"1","1","Arcane Signet","tmc","Near Mint","English","","","2026-03-06 07:12:19.620000","57","False","True",""
"1","1","Arcane Signet","drc","Near Mint","English","","","2025-04-08 17:35:21.267000","51","False","False",""
"1","1","Arcane Signet","cmm","Near Mint","English","foil","","2026-03-01 15:11:23.657000","653","False","False","80.27"
"2","2","Arcane Signet","drc","Near Mint","English","","","2025-12-25 18:47:26.150000","51","False","False",""
"1","1","Arcane Signet","tle","Near Mint","English","","","2026-01-02 19:17:04.463000","315","False","False","14.64"
"1","1","Arcane Signet","tdc","Near Mint","English","","","2026-03-08 12:48:53.113000","105","False","False",""
"2","2","Arcane Signet","cmm","Near Mint","English","","","2026-03-01 15:11:23.657000","653","False","False","26.46"
"1","1","Arcane Signet","eld","Near Mint","English","","","2025-08-23 13:50:26.263000","331","False","False",""
"1","1","Arcane Signet","pip","Near Mint","English","","","2025-04-08 16:10:20.207000","224","False","False",""
"1","1","Arcane Signet","ltc","Near Mint","English","","","2025-08-23 13:49:11.057000","273","False","False",""
"2","2","Arcane Signet","blc","Near Mint","English","","","2025-12-25 18:44:52.140000","127","False","False",""
"1","1","Arcane Signet","m3c","Near Mint","English","","","2026-03-01 15:11:23.657000","283","False","False","2.62"
"1","1","Arcane Signet","woc","Near Mint","English","","","2025-08-23 13:48:33.477000","145","False","False",""
"2","2","Arcane Signet","tdc","Near Mint","English","","","2025-04-08 16:09:19.083000","105","False","False",""
"1","1","Arcane Signet","sld","Near Mint","English","","","2025-08-23 13:49:47.327000","1492","False","False",""
"1","1","Arcane Signet","pip","Near Mint","English","","","2025-12-25 18:47:44.880000","224","False","False",""
"3","3","Arcbound Condor","mh3","Near Mint","English","","","2026-04-02 19:47:27.573000","81","False","False","1.05"
"1","1","Arcbound Mouser","mh2","Near Mint","English","","","2026-02-12 18:59:33.250000","3","False","False","1.05"
"1","1","Arcbound Prototype","mh2","Near Mint","English","","","2026-02-12 18:59:33.250000","4","False","False","0.67"
"1","1","Arcbound Slasher","mh2","Near Mint","English","","","2026-02-12 18:59:33.250000","111","False","False","0.67"
"1","1","Arch of Orazca","rix","Near Mint","English","","","2025-08-23 13:48:13.713000","185","False","False",""
"1","1","Archfiend of Despair","bbd","Near Mint","English","","","2026-04-14 18:13:59.323000","44","False","False",""
"2","2","Archfiend of Ifnir","drc","Near Mint","English","","","2025-12-25 18:47:26.150000","86","False","False",""
"1","1","Archfiend of Ifnir","drc","Near Mint","English","","","2025-04-08 17:35:21.267000","86","False","False",""
"1","1","Archivist of Oghma","clb","Near Mint","English","","","2026-02-22 21:03:20.157000","4","False","True",""
"1","1","Archmage Emeritus","tdc","Near Mint","English","","","2025-12-25 18:47:35.310000","145","False","False",""
"1","1","Archmage Emeritus","tdc","Near Mint","English","","","2025-04-08 16:09:19.083000","145","False","False",""
"1","1","Archon of Cruelty","m3c","Near Mint","English","","","2026-04-24 19:17:35.287000","197","False","False",""
"1","1","Archway of Innovation","mh3","Near Mint","English","","","2026-03-08 12:48:53.113000","214","False","False",""
"1","1","Archway of Innovation","mh3","Near Mint","English","","","2026-04-02 19:47:27.573000","214","False","False","6.80"
"1","1","Arcum's Astrolabe","mh1","Near Mint","English","","","2025-08-23 13:50:26.263000","220","False","False",""
"1","1","Ardyn, the Usurper","fin","Near Mint","English","","","2026-02-12 19:00:18.123000","379","False","False","14.34"
"1","1","Ardyn, the Usurper","fin","Near Mint","English","","","2026-02-12 19:00:18.123000","315","False","False","21.51"
"1","1","Ardyn, the Usurper","fin","Near Mint","English","","","2026-01-03 19:33:47.777000","315","False","False","21.51"
"1","1","Ardyn, the Usurper","fin","Near Mint","English","","","2026-01-03 19:33:47.777000","379","False","False","14.34"
"1","1","Arena of Glory","mh3","Near Mint","English","","","2025-08-23 13:49:47.327000","351","False","False",""
"1","1","Arena of Glory","mh3","Near Mint","English","","","2026-04-02 19:47:27.573000","215","False","False","96.47"
"1","1","Argent Dais","mh3","Near Mint","English","","","2026-04-02 19:47:27.573000","20","False","False","1.12"
"1","1","Arid Mesa","mh2","Near Mint","English","","","2026-04-17 19:40:46.677000","475","False","False",""
"3","3","Arid Mesa","mh2","Near Mint","English","","","2026-04-24 19:16:57.227000","244","False","False",""
"4","4","Arid Mesa","mh2","Near Mint","English","","","2026-03-07 12:26:00.623000","244","False","True",""
"1","1","Armorcraft Judge","cmm","Near Mint","English","","","2026-03-01 15:11:23.657000","273","False","False","1.12"
"1","1","Artisan of Kozilek","uma","Near Mint","English","","","2025-08-23 13:48:13.713000","2","False","False",""
"1","1","Ash Barrens","cmm","Near Mint","English","","","2026-03-01 15:11:23.657000","419","False","False","0.82"
"2","2","Ash Barrens","drc","Near Mint","English","","","2025-12-25 18:47:26.150000","147","False","False",""
"1","1","Ash Barrens","drc","Near Mint","English","","","2025-04-08 17:35:21.267000","147","False","False",""
"1","1","Ash Barrens","tdc","Near Mint","English","","","2025-12-25 18:47:35.310000","339","False","False",""
"1","1","Ash Barrens","tdc","Near Mint","English","","","2026-03-06 07:09:45.103000","339","False","True",""
"1","1","Ash Barrens","pip","Near Mint","English","","","2025-04-08 16:10:20.207000","253","False","False",""
"1","1","Ash Barrens","tdc","Near Mint","English","","","2025-04-08 16:09:19.083000","339","False","False",""
"1","1","Ash Barrens","pip","Near Mint","English","","","2025-12-25 18:47:44.880000","253","False","False",""
"2","2","Ashaya, Soul of the Wild","dsc","Near Mint","English","","","2026-03-07 21:11:48.090000","170","False","True",""
"1","1","Ashe, Princess of Dalmasca","fin","Near Mint","English","","","2026-02-12 19:00:18.123000","7","False","False","1.05"
"1","1","Ashe, Princess of Dalmasca","fin","Near Mint","English","","","2026-01-03 19:33:47.777000","7","False","False","1.05"
"1","1","Ashling the Pilgrim","cmm","Near Mint","English","","","2026-03-01 15:11:23.657000","205","False","False","1.57"
"1","1","Ashling, Flame Dancer","mh3","Near Mint","English","","","2025-08-23 13:48:33.477000","115","False","False",""
"1","1","Ashnod's Altar","cmm","Near Mint","English","","","2026-03-01 15:11:23.657000","368","False","False","78.47"
"1","1","A-Sorcerer Class","afr","Near Mint","English","","","2026-02-22 20:44:12.083000","A-233","False","True",""
"2","2","Assassin's Trophy","2x2","Near Mint","English","","","2026-04-14 17:51:24.747000","175","False","True",""
"1","1","Assault on Osgiliath","ltr","Near Mint","English","","","2026-03-05 19:30:33.273000","285","False","False","2.62"
"1","1","Assault Suit","cmm","Near Mint","English","","","2026-03-01 15:11:23.657000","369","False","False","1.05"
"1","1","Assemble the Players","mkm","Near Mint","English","","","2026-03-05 19:30:33.273000","3","False","False","2.17"
"1","1","Astrologian's Planisphere","fin","Near Mint","English","","","2026-02-12 19:00:18.123000","46","False","False","2.76"
"1","1","Astrologian's Planisphere","fin","Near Mint","English","","","2026-01-03 19:33:47.777000","46","False","False","2.76"
"1","1","Atmospheric Greenhouse","eoe","Near Mint","English","","","2026-02-12 18:59:45.910000","171","False","False","0.52"
"1","1","Atomize","pip","Near Mint","English","","","2025-12-25 18:47:44.880000","94","False","False",""
"1","1","Atomize","pip","Near Mint","English","","","2025-04-08 16:10:20.207000","94","False","False",""
"1","1","Atraxa, Grand Unifier","pone","Near Mint","English","","","2026-04-24 19:18:57.867000","196p","False","False",""
"1","1","Auron's Inspiration","fin","Near Mint","English","","","2026-01-03 19:33:47.777000","8","False","False","0.45"
"1","1","Auron's Inspiration","fin","Near Mint","English","","","2026-02-12 19:00:18.123000","8","False","False","0.45"
"1","1","Aurora Shifter","m3c","Near Mint","English","","","2025-12-25 18:47:18.820000","97","False","False",""
"1","1","Aurora Shifter","m3c","Near Mint","English","","","2025-04-08 16:12:26.480000","97","False","False",""
"1","1","Auroral Procession","tdm","Near Mint","English","foil","","2026-03-07 12:44:16.440000","169","False","True",""
"1","1","Austere Command","m3c","Near Mint","English","","","2025-04-08 16:12:26.480000","167","False","False",""
"1","1","Austere Command","plst","Near Mint","English","","","2026-03-06 07:17:11.067000","MKC-56","False","True",""
"1","1","Austere Command","m3c","Near Mint","English","","","2025-12-25 18:47:18.820000","167","False","False",""
"1","1","Avacyn, Angel of Hope","inr","Near Mint","English","","","2026-04-14 18:13:59.323000","482","False","False",""
"1","1","Avatar Aang // Aang, Master of Elements","tla","Near Mint","English","","","2026-01-03 15:47:27.617000","207","False","False",""
"1","1","Avatar Destiny","tla","Near Mint","English","","","2026-01-02 19:17:04.463000","165","False","False","1.57"
"1","1","Avatar Destiny","tla","Near Mint","English","foil","","2026-01-02 19:17:04.463000","165","False","False","2.09"
"5","5","Avatar Enthusiasts","tla","Near Mint","English","","","2026-01-02 19:17:04.463000","11","False","False","0.37"
"1","1","Avatar Kyoshi, Earthbender","tle","Near Mint","English","","","2026-03-07 21:11:08.400000","130","False","True",""
"1","1","Avatar Roku, Firebender","tle","Near Mint","English","","","2026-04-14 18:13:59.323000","112","False","False",""
"2","2","Avatar's Wrath","tla","Near Mint","English","","","2026-01-02 19:17:04.463000","12","False","False","28.16"
"1","1","Avenger of Zendikar","tdc","Near Mint","English","","","2025-12-25 18:47:54.260000","247","False","False",""
"1","1","Avenger of Zendikar","tdc","Near Mint","English","","","2025-04-08 16:08:38.530000","247","False","False",""
"1","1","Awaken the Woods","bro","Near Mint","English","","","2025-08-23 13:49:47.327000","344","False","False",""
"2","2","Azami, Lady of Scrolls","cmm","Near Mint","English","","","2026-03-01 15:11:23.657000","74","False","False","2.84"
"1","1","Azorius Chancery","m3c","Near Mint","English","","","2025-12-25 18:47:18.820000","319","False","False",""
"1","1","Azorius Chancery","m3c","Near Mint","English","","","2025-04-08 16:12:26.480000","319","False","False",""
"1","1","Azorius Signet","tdc","Near Mint","English","","","2025-04-08 16:09:19.083000","312","False","False",""
"1","1","Azorius Signet","tdc","Near Mint","English","","","2025-12-25 18:47:35.310000","312","False","False",""
"1","1","Azorius Signet","gk2","Near Mint","English","","","2025-08-23 13:50:26.263000","24","False","False",""
"3","3","Azula Always Lies","tla","Near Mint","English","","","2026-01-02 19:17:04.463000","84","False","False","0.60"
"1","1","Azula, Cunning Usurper","tla","Near Mint","English","","","2026-01-02 19:17:04.463000","208","False","False","1.94"
"1","1","Azula, On the Hunt","tla","Near Mint","English","","","2026-01-02 19:17:04.463000","85","False","False","0.60"
"1","1","Azusa, Lost but Seeking","cmm","Near Mint","English","","","2026-02-15 09:03:10.357000","274","False","True",""
"1","1","Azusa, Lost but Seeking","cmm","Near Mint","English","foil","","2025-08-23 13:49:47.327000","679","False","False",""
"1","1","Ba Sing Se","tla","Near Mint","English","","","2026-03-07 21:30:29.370000","266","False","False","17.78"
"1","1","Ba Sing Se","tla","Near Mint","English","","","2026-03-07 21:30:33.903000","266","False","True","17.78"
"1","1","Baba Lysaga, Night Witch","clb","Near Mint","English","","","2026-02-15 09:12:58.907000","414","False","True",""
"3","3","Badgermole","tla","Near Mint","English","","","2026-01-02 19:17:04.463000","166","False","False","0.60"
"1","1","Badgermole Cub","tla","Near Mint","English","","","2026-03-07 21:12:07.897000","167","False","False","340.82"
"1","1","Badgermole Cub","tla","Near Mint","English","foil","","2026-03-07 21:12:17.663000","326","False","True","340.82"
"1","1","Badlands","3ed","Near Mint","English","","","2025-08-23 13:49:11.057000","282","False","False",""
"1","1","Bag End Porter","ltr","Near Mint","English","","","2026-02-12 18:59:45.910000","153","False","False","0.15"
"1","1","Baird, Steward of Argive","cmm","Near Mint","English","","","2026-03-01 15:11:23.657000","15","False","False","1.35"
"1","1","Baird, Steward of Argive","blc","Near Mint","English","","","2025-12-25 18:44:26.810000","135","False","False",""
"3","3","Balamb T-Rexaur","fin","Near Mint","English","","","2026-02-12 19:00:18.123000","173","False","False","0.55"
"2","2","Balamb T-Rexaur","fin","Near Mint","English","","","2026-01-03 19:33:47.777000","173","False","False","0.52"
"1","1","Balan, Wandering Knight","cmm","Near Mint","English","","","2026-03-01 15:11:23.657000","16","False","False","3.66"
"2","2","Baleful Strix","fic","Near Mint","English","","","2026-04-14 17:21:13.500000","318","False","True",""
"1","1","Balthier and Fran","fin","Near Mint","English","","","2026-02-12 19:00:18.123000","213","False","False","1.42"
"1","1","Balthier and Fran","fin","Near Mint","English","","","2026-01-03 19:33:47.777000","213","False","False","1.42"
"1","1","Bane of Bala Ged","cmm","Near Mint","English","","","2025-08-23 13:48:13.713000","802","False","False",""
"1","1","Barad-dûr","pltr","Near Mint","English","foil","","2025-08-23 13:49:11.057000","253s","False","False",""
"1","1","Baral and Kari Zev","tdc","Near Mint","English","","","2025-12-25 18:47:35.310000","282","False","False",""
"1","1","Baral and Kari Zev","tdc","Near Mint","English","","","2025-04-08 16:09:19.083000","282","False","False",""
"1","1","Baral's Expertise","tdc","Near Mint","English","","","2025-04-08 16:09:19.083000","146","False","False",""
"1","1","Baral's Expertise","tdc","Near Mint","English","","","2025-12-25 18:47:35.310000","146","False","False",""
"1","1","Barbarian Ring","mh3","Near Mint","English","","","2026-04-02 19:47:27.573000","299","False","False","2.02"
"2","2","Bard's Bow","fin","Near Mint","English","","","2026-01-03 19:33:47.777000","174","False","False","0.37"
"3","3","Bard's Bow","fin","Near Mint","English","","","2026-02-12 19:00:18.123000","174","False","False","0.30"
"2","2","Baron, Airship Kingdom","fin","Near Mint","English","","","2026-01-03 19:33:47.777000","273","False","False","0.82"
"3","3","Baron, Airship Kingdom","fin","Near Mint","English","","","2026-02-12 19:00:18.123000","273","False","False","0.72"
"3","3","Barrels of Blasting Jelly","tla","Near Mint","English","","","2026-01-02 19:17:04.463000","254","False","False","0.52"
"1","1","Barret Wallace","fin","Near Mint","English","","","2026-02-12 19:00:18.123000","129","False","False","0.37"
"1","1","Barret Wallace","fin","Near Mint","English","","","2026-01-03 19:33:47.777000","129","False","False","0.37"
"1","1","Basalt Monolith","ltc","Near Mint","English","","","2025-08-23 13:49:11.057000","274","False","False",""
"1","1","Basalt Monolith","2xm","Near Mint","English","","","2025-08-23 13:48:13.713000","232","False","False",""
"1","1","Basim Ibn Ishaq","acr","Near Mint","English","","","2026-03-08 12:48:53.113000","49","False","False",""
"2","2","Basking Broodscale","mh3","Near Mint","English","","","2026-04-02 19:47:27.573000","145","False","False","1.27"
"1","1","Battle Mastery","lrw","Near Mint","English","foil","","2025-08-23 13:51:16.910000","5","False","False",""
"1","1","Battle Menu","fin","Near Mint","English","","","2026-01-03 19:33:47.777000","9","False","False","1.27"
"1","1","Battle Menu","fin","Near Mint","English","","","2026-02-12 19:00:18.123000","9","False","False","1.27"
"1","1","Battle Screech","cmm","Near Mint","English","","","2026-03-01 15:11:23.657000","17","False","False","0.90"
"1","1","Battlefield Forge","tdc","Near Mint","English","","","2025-04-08 16:09:19.083000","340","False","False",""
"1","1","Battlefield Forge","m3c","Near Mint","English","","","2025-12-25 18:47:18.820000","321","False","False",""
"1","1","Battlefield Forge","tdc","Near Mint","English","","","2025-12-25 18:47:35.310000","340","False","False",""
"1","1","Battlefield Forge","tdc","Near Mint","English","","","2026-03-06 07:11:18.927000","340","False","True",""
"1","1","Battlefield Forge","m3c","Near Mint","English","","","2025-04-08 16:12:26.480000","321","False","False",""
"1","1","Bayou","3ed","Near Mint","English","","","2026-04-24 19:17:35.287000","283","False","False",""
"1","1","Beamsaw Prospector","eoe","Near Mint","English","","","2026-02-12 18:59:45.910000","89","False","False","0.52"
"1","1","Beanstalk Giant // Fertile Footsteps","cmm","Near Mint","English","","","2026-03-01 15:11:23.657000","275","False","False","0.75"
"4","4","Beast Within","tdc","Near Mint","English","","","2026-03-07 21:19:12.717000","249","False","True",""
"1","1","Beast Within","blc","Near Mint","English","","","2025-12-25 18:44:52.140000","206","False","False",""
"1","1","Beast Within","c20","Near Mint","English","","","2026-04-24 19:18:57.867000","168","False","False",""
"5","5","Beetle-Headed Merchants","tla","Near Mint","English","","","2026-01-02 19:17:04.463000","86","False","False","0.30"
"1","1","Beifong's Bounty Hunters","tla","Near Mint","English","","","2026-01-02 19:17:04.463000","209","False","False","2.02"
"1","1","Bello, Bard of the Brambles","blc","Near Mint","English","foil","","2025-12-25 18:44:52.140000","1","False","False",""
"2","2","Bender's Waterskin","tla","Near Mint","English","","","2026-03-07 12:55:07.983000","255","False","False","2.46"
"1","1","Bender's Waterskin","tla","Near Mint","English","","","2026-03-07 12:55:12.620000","255","False","True","2.46"
"1","1","Benevolent Blessing","cmr","Near Mint","English","","","2025-08-23 13:51:16.910000","13","False","False",""
"1","1","Benevolent Bodyguard","ema","Near Mint","English","","","2025-08-23 13:51:16.910000","4","False","False",""
"1","1","Beregond of the Guard","ltc","Near Mint","English","","","2026-03-06 07:24:51.973000","9","False","True",""
"1","1","Berserkers' Onslaught","blc","Near Mint","English","","","2025-12-25 18:44:52.140000","192","False","False",""
"1","1","Bespoke Battlewagon","drc","Near Mint","English","","","2026-04-02 19:47:27.573000","71","False","False","0.37"
"1","1","Bespoke Battlewagon","mh3","Near Mint","English","","","2025-12-25 18:47:18.820000","52","False","False",""
"1","1","Bespoke Battlewagon","mh3","Near Mint","English","","","2025-04-08 16:12:26.480000","52","False","False",""
"1","1","Bident of Thassa","m3c","Near Mint","English","","","2025-04-08 16:12:26.480000","177","False","False",""
"1","1","Bident of Thassa","m3c","Near Mint","English","","","2025-12-25 18:47:18.820000","177","False","False",""
"1","1","Big Score","snc","Near Mint","English","","","2025-08-23 13:48:33.477000","102","False","False",""
"1","1","Big Score","blc","Near Mint","English","","","2025-12-25 18:44:52.140000","193","False","False",""
"1","1","Big Score","tdc","Near Mint","English","","","2025-04-08 16:09:19.083000","206","False","False",""
"1","1","Big Score","tdc","Near Mint","English","","","2025-12-25 18:47:35.310000","206","False","False",""
"1","1","Bill the Pony","ltr","Near Mint","English","","","2026-03-05 19:30:33.273000","3","False","False","0.75"
"2","2","Binding Mummy","drc","Near Mint","English","","","2025-12-25 18:47:26.150000","63","False","False",""
"1","1","Binding Mummy","drc","Near Mint","English","","","2025-04-08 17:35:21.267000","63","False","False",""
"1","1","Biomass Mutation","pip","Near Mint","English","","","2025-04-08 16:10:20.207000","212","False","False",""
"1","1","Biomass Mutation","pip","Near Mint","English","","","2025-12-25 18:47:44.880000","212","False","False",""
"1","1","Biotech Specialist","eoe","Near Mint","English","foil","","2025-08-23 13:49:47.327000","347","False","False",""
"1","1","Biotransference","40k","Near Mint","English","","","2026-02-15 09:05:13.217000","30","False","True",""
"1","1","Bird","tfin","Near Mint","English","","","2026-02-12 19:00:18.123000","17","False","False","0.82"
"3","3","Birds of Paradise","fic","Near Mint","English","foil","","2026-02-12 19:00:18.123000","483","False","False","46.91"
"1","1","Birds of Paradise","rvr","Near Mint","English","","","2025-08-23 13:49:47.327000","432","False","False",""
"2","2","Birds of Paradise","fic","Near Mint","English","foil","","2026-01-03 19:33:47.777000","483","False","False","46.91"
"1","1","Birgi, God of Storytelling // Harnfel, Horn of Bounty","khm","Near Mint","English","foil","","2026-01-20 19:49:36.753000","123","False","True",""
"1","1","Birthing Pod","nph","Near Mint","English","","","2026-04-24 19:18:57.867000","104","False","False",""
"1","1","Birthing Ritual","mh3","Near Mint","English","","","2026-04-02 19:47:27.573000","146","False","False","59.41"
"1","1","Bitter Reunion","plst","Near Mint","English","","","2026-03-06 07:15:03.240000","BRO-127","False","True",""
"1","1","Bitter Triumph","lci","Near Mint","English","","","2026-02-15 09:15:13.370000","91","False","True",""
"1","1","Bitter Work","tla","Near Mint","English","foil","","2026-01-02 19:17:04.463000","210","False","False","2.17"
"1","1","Bitter Work","tla","Near Mint","English","","","2026-01-02 19:17:04.463000","210","False","False","1.20"
"1","1","Bitterblossom","spg","Near Mint","English","","","2026-04-14 18:13:59.323000","133","False","False",""
"4","4","Black Mage's Rod","fin","Near Mint","English","","","2026-02-12 19:00:18.123000","90","False","False","2.02"
"3","3","Black Mage's Rod","fin","Near Mint","English","","","2026-01-03 19:33:47.777000","90","False","False","2.17"
"1","1","Black Market Connections","clb","Near Mint","English","","","2026-04-17 19:40:46.677000","620","False","False",""
"4","4","Black Market Connections","clb","Near Mint","English","","","2026-04-14 17:28:18.757000","669","False","True",""
"1","1","Black Waltz No. 3","fin","Near Mint","English","","","2025-12-26 20:37:16.490000","214","False","False",""
"1","1","Black Waltz No. 3","fin","Near Mint","English","","","2026-01-03 19:33:47.777000","214","False","False","1.27"
"1","1","Black Waltz No. 3","fin","Near Mint","English","","","2026-02-12 19:00:18.123000","214","False","False","1.27"
"1","1","Blackblade Reforged","dmc","Near Mint","English","","","2026-03-05 19:30:33.273000","178","False","False","7.32"
"1","1","Blacksmith's Skill","mh2","Near Mint","English","foil","","2025-08-23 13:51:16.910000","381","False","False",""
"1","1","Blade Splicer","blc","Near Mint","English","","","2026-03-18 19:23:36.000000","136","False","False","2.39"
"1","1","Bladestitched Skaab","inr","Near Mint","English","","","2026-03-18 19:23:36.000000","231","False","False","0.75"
"1","1","Blasphemous Act","blc","Near Mint","English","","","2025-12-25 18:44:52.140000","114","False","False",""
"1","1","Blasphemous Act","2xm","Near Mint","English","","","2026-04-17 19:40:46.677000","117","False","False",""
"1","1","Blasphemous Act","ltc","Near Mint","English","","","2025-08-23 13:49:11.057000","211","False","False",""
"1","1","Blasphemous Act","tle","Near Mint","English","","","2026-01-20 19:21:15.253000","26","False","True",""
"1","1","Blasphemous Act","tmc","Near Mint","English","","","2026-04-24 19:16:57.227000","47","False","False",""
"1","1","Blasphemous Edict","fdn","Near Mint","English","","","2026-04-24 19:17:35.287000","57","False","False",""
"1","1","Blast Zone","war","Near Mint","English","","","2025-08-23 13:48:13.713000","244","False","False",""
"1","1","Blasted Landscape","cm2","Near Mint","English","","","2025-08-23 13:48:13.713000","238","False","False",""
"1","1","Blaster Hulk","m3c","Near Mint","English","","","2025-04-08 16:12:26.480000","107","False","False",""
"1","1","Blaster Hulk","m3c","Near Mint","English","","","2025-12-25 18:47:18.820000","107","False","False",""
"1","1","Blazemire Verge","pdsk","Near Mint","English","foil","","2026-01-20 20:31:50.537000","256p","False","True",""
"1","1","Blazing Bomb","fin","Near Mint","English","","","2026-01-03 19:33:47.777000","130","False","False","0.37"
"3","3","Blazing Bomb","fin","Near Mint","English","","","2026-02-12 19:00:18.123000","130","False","False","0.37"
"1","1","Blinkmoth Nexus","2xm","Near Mint","English","","","2026-02-15 09:33:13.963000","311","False","True",""
"2","2","Blitzball","fin","Near Mint","English","","","2026-01-03 19:33:47.777000","254","False","False","0.60"
"2","2","Blitzball","fin","Near Mint","English","","","2026-02-12 19:00:18.123000","254","False","False","0.60"
"3","3","Blitzball Shot","fin","Near Mint","English","","","2026-02-12 19:00:18.123000","176","False","False","0.70"
"2","2","Blitzball Shot","fin","Near Mint","English","","","2026-01-03 19:33:47.777000","176","False","False","0.60"
"1","1","Bloatfly Swarm","pip","Near Mint","English","","","2025-04-08 16:10:20.207000","42","False","False",""
"1","1","Bloatfly Swarm","pip","Near Mint","English","","","2025-12-25 18:47:44.880000","42","False","False",""
"1","1","Blood Aspirant","cmm","Near Mint","English","","","2026-03-01 15:11:23.657000","208","False","False","0.82"
"2","2","Blood Crypt","rtr","Near Mint","English","","","2026-04-14 18:14:55.860000","238","False","False",""
"3","3","Blood Crypt","rtr","Near Mint","English","","","2026-04-13 16:35:32.563000","238","False","True",""
"1","1","Blood Crypt","rna","Near Mint","English","","","2025-08-23 13:49:11.057000","245","False","False",""
"1","1","Blood Fountain","vow","Near Mint","English","","","2026-03-05 19:30:33.273000","95","False","False","6.57"
"1","1","Blood Fountain","plst","Near Mint","English","","","2026-03-08 12:48:53.113000","VOW-95","False","False",""
"1","1","Bloodchief Ascension","cmm","Near Mint","English","","","2026-03-01 15:11:23.657000","139","False","False","106.43"
"1","1","Bloodroot Apothecary","blc","Near Mint","English","","","2025-12-25 18:44:26.810000","27","False","False",""
"1","1","Bloodsoaked Insight // Sanguine Morass","mh3","Near Mint","English","","","2026-01-20 19:54:50.360000","252","False","True",""
"2","2","Bloodsoaked Insight // Sanguine Morass","mh3","Near Mint","English","","","2026-04-02 19:47:27.573000","252","False","False","1.57"
"4","4","Bloodstained Mire","mh3","Near Mint","English","","","2026-04-24 19:17:35.287000","216","False","False",""
"1","1","Bloodstained Mire","mh3","Near Mint","English","foil","","2025-08-23 13:49:47.327000","352","False","False",""
"2","2","Bloodstained Mire","ktk","Near Mint","English","","","2026-04-13 16:35:46.840000","230","False","True",""
"1","1","Bloodthirsty Conqueror","fdn","Near Mint","English","","","2026-04-14 18:13:59.323000","318","False","False",""
"1","1","Bloom Tender","ecl","Near Mint","English","","","2026-04-14 17:47:03.403000","166","False","True",""
"1","1","Bloom Tender","ecl","Near Mint","English","","","2026-04-14 18:14:27.607000","166","False","False",""
"1","1","Blooming Stinger","eoe","Near Mint","English","","","2026-02-12 18:59:45.910000","174","False","False","0.15"
"1","1","Blossoming Bogbeast","c21","Near Mint","English","","","2026-02-15 09:52:54.470000","59","False","True",""
"1","1","Blossoming Tortoise","woe","Near Mint","English","","","2026-02-15 09:36:53.417000","163","False","True",""
"4","4","Boar-q-pine","tla","Near Mint","English","","","2026-01-02 19:17:04.463000","124","False","False","0.45"
"1","1","Body of Knowledge","blc","Near Mint","English","","","2025-12-25 18:44:26.810000","163","False","False",""
"2","2","Boggart Trawler // Boggart Bog","mh3","Near Mint","English","","","2026-04-02 19:47:27.573000","243","False","False","13.15"
"2","2","Boiling Rock Prison","tla","Near Mint","English","","","2026-01-02 19:17:04.463000","267","False","False","0.67"
"1","1","Boiling Rock Rioter","tla","Near Mint","English","","","2026-01-02 19:17:04.463000","87","False","False","1.34"
"1","1","Bojuka Bog","plst","Near Mint","English","","","2026-04-24 19:17:35.287000","C18-238","False","False",""
"2","2","Bojuka Bog","blc","Near Mint","English","","","2026-04-13 16:36:01.410000","294","False","True",""
"1","1","Bojuka Bog","ltc","Near Mint","English","","","2025-08-23 13:49:11.057000","358","False","False",""
"1","1","Bojuka Bog","tdc","Near Mint","English","","","2026-03-05 19:30:33.273000","341","False","False","8.74"
"1","1","Bojuka Bog","c17","Near Mint","English","","","2026-02-12 18:59:45.910000","238","False","False","9.34"
"1","1","Bolas's Citadel","plg21","Near Mint","English","foil","","2026-04-14 18:14:27.607000","3","False","False",""
"1","1","Boltwave","fdn","Near Mint","English","","","2026-02-22 20:46:27.750000","79","False","True",""
"1","1","Bombadil's Song","ltr","Near Mint","English","","","2026-02-12 18:59:45.910000","154","False","False","0.45"
"1","1","Bombadil's Song","ltr","Near Mint","English","","","2026-03-05 19:30:33.273000","154","False","False","0.52"
"1","1","Bonders' Enclave","iko","Near Mint","English","","","2025-08-23 13:48:13.713000","245","False","False",""
"1","1","Bonder's Ornament","cmm","Near Mint","English","","","2026-03-01 15:11:23.657000","370","False","False","1.20"
"1","1","Bone Miser","spg","Near Mint","English","","","2025-12-26 19:59:08.903000","87","False","True",""
"1","1","Bone Miser","c19","Near Mint","English","","","2026-04-14 18:13:59.323000","15","False","False",""
"1","1","Bontu's Monument","drc","Near Mint","English","","","2025-04-08 17:35:21.267000","124","False","False",""
"2","2","Bontu's Monument","drc","Near Mint","English","","","2025-12-25 18:47:26.150000","124","False","False",""
"1","1","Bonus Round","bbd","Near Mint","English","","","2026-03-08 17:51:08.047000","56","False","True",""
"2","2","Boomerang Basics","tla","Near Mint","English","","","2026-01-02 19:17:04.463000","46","False","False","13.15"
"1","1","Boompile","cmm","Near Mint","English","","","2026-03-01 15:11:23.657000","371","False","False","2.99"
"1","1","Bootleggers' Stash","snc","Near Mint","English","","","2026-03-07 21:22:43.163000","134","False","True",""
"1","1","Bootleggers' Stash","blc","Near Mint","English","","","2026-03-07 21:22:32.507000","207","False","False",""
"1","1","Borne Upon a Wind","ltr","Near Mint","English","","","2026-04-13 15:48:17.523000","44","False","True",""
"1","1","Boros Charm","fdn","Near Mint","English","foil","","2026-03-06 07:18:36.890000","721","False","True",""
"1","1","Boros Signet","tdc","Near Mint","English","","","2025-04-08 16:09:19.083000","314","False","False",""
"1","1","Boros Signet","tdc","Near Mint","English","","","2026-03-06 07:12:09.363000","314","False","True",""
"1","1","Boros Signet","tdc","Near Mint","English","","","2025-12-25 18:47:35.310000","314","False","False",""
"2","2","Boseiju, Who Endures","neo","Near Mint","English","","","2026-04-24 19:18:57.867000","266","False","False",""
"1","1","Boseiju, Who Endures","neo","Near Mint","English","foil","","2025-08-23 13:49:47.327000","412","False","False",""
"3","3","Boseiju, Who Endures","neo","Near Mint","English","","","2026-03-07 12:27:48.713000","266","False","True",""
"3","3","Bountiful Landscape","mh3","Near Mint","English","","","2026-04-02 19:47:27.573000","217","False","False","1.20"
"1","1","Bounty Agent","c20","Near Mint","English","","","2026-03-05 19:30:33.273000","78","False","False","1.79"
"1","1","Brago, King Eternal","khc","Near Mint","English","","","2025-08-23 13:50:26.263000","82","False","False",""
"1","1","Braids, Arisen Nightmare","dmu","Near Mint","English","","","2026-04-14 17:21:19.957000","84","False","True",""
"1","1","Braids, Conjurer Adept","cmm","Near Mint","English","","","2026-03-01 15:11:23.657000","76","False","False","1.94"
"1","1","Brainstorm","tle","Near Mint","English","foil","","2026-01-02 19:17:04.463000","155","False","False","17.63"
"1","1","Brainstorm","dsc","Near Mint","English","","","2026-02-12 18:59:45.910000","113","False","False","18.08"
"2","2","Brainstorm","a25","Near Mint","English","","","2026-03-07 12:46:42.287000","46","False","True",""
"2","2","Brainsurge","mh3","Near Mint","English","","","2026-04-02 19:47:27.573000","53","False","False","4.63"
"1","1","Branching Evolution","pip","Near Mint","English","","","2026-04-14 17:53:41.203000","195","False","True",""
"1","1","Branching Evolution","pip","Near Mint","English","","","2026-04-14 17:53:36.220000","195","False","False",""
"1","1","Branchloft Pathway // Boulderloft Pathway","znr","Near Mint","English","","","2026-03-07 12:56:15.870000","284","False","True",""
"1","1","Brass Knuckles","cmm","Near Mint","English","","","2026-03-01 15:11:23.657000","372","False","False","0.52"
"1","1","Brazen Borrower // Petty Theft","woc","Near Mint","English","","","2026-03-07 12:36:27.420000","85","False","True",""
"1","1","Breaker of Creation","mh3","Near Mint","English","","","2025-08-23 13:48:13.713000","1","False","False",""
"1","1","Breaker of Creation","mh3","Near Mint","English","","","2026-04-02 19:47:27.573000","1","False","False","1.57"
"3","3","Breathe Your Last","mh3","Near Mint","English","","","2026-04-02 19:47:27.573000","82","False","False","0.75"
"2","2","Breeding Pool","eoe","Near Mint","English","","","2026-03-07 12:56:26.273000","251","False","True",""
"1","1","Breeding Pool","peoe","Near Mint","English","","","2026-04-24 19:17:35.287000","251p","False","False",""
"1","1","Breeding Pool","eoe","Near Mint","English","","","2026-02-12 18:59:45.910000","251","False","False","70.15"
"2","2","Breeding Pool","gtc","Near Mint","English","","","2026-04-14 18:14:55.860000","240","False","False",""
"1","1","Breeding Pool","rna","Near Mint","English","","","2026-04-24 19:18:57.867000","246","False","False",""
"1","1","Breeding Pool","exp","Near Mint","English","foil","","2026-02-13 21:05:39.610000","15","False","True",""
"1","1","Bria, Riptide Rogue","blb","Near Mint","English","foil","","2026-02-22 20:47:03.660000","379","False","True",""
"1","1","Bridgeworks Battle // Tanglespan Bridgeworks","mh3","Near Mint","English","","","2025-08-23 13:49:47.327000","249","False","False",""
"1","1","Bridgeworks Battle // Tanglespan Bridgeworks","mh3","Near Mint","English","","","2026-04-02 19:47:27.573000","249","False","False","6.95"
"1","1","Brightcap Badger // Fungus Frolic","blc","Near Mint","English","","","2025-12-25 18:44:52.140000","28","False","False",""
"1","1","Brightglass Gearhulk","dft","Near Mint","English","","","2026-03-07 21:12:32.380000","191","False","True",""
"1","1","Brilliant Wings","fic","Near Mint","English","foil","","2026-02-12 19:00:18.123000","454","False","False","110.87"
"1","1","Bristly Bill, Spine Sower","otj","Near Mint","English","foil","","2025-08-23 13:49:47.327000","338","False","False",""
"1","1","Broken Wings","blc","Near Mint","English","","","2025-12-25 18:44:26.810000","208","False","False",""
"1","1","Broken Wings","cmm","Near Mint","English","","","2026-03-01 15:11:23.657000","277","False","False","0.22"
"1","1","Brotherhood Regalia","acr","Near Mint","English","foil","","2026-04-06 18:05:18.727000","71","False","True",""
"1","1","Brudiclad, Telchor Engineer","m3c","Near Mint","English","","","2025-04-08 16:12:26.480000","257","False","False",""
"1","1","Brudiclad, Telchor Engineer","m3c","Near Mint","English","","","2025-12-25 18:47:18.820000","257","False","False",""
"1","1","Brushland","fic","Near Mint","English","","","2026-03-07 12:57:04.023000","377","False","True",""
"1","1","Brushland","blc","Near Mint","English","","","2026-03-07 12:56:55.553000","295","False","False",""
"4","4","Bumi Bash","tla","Near Mint","English","","","2026-01-02 19:17:04.463000","125","False","False","0.60"
"2","2","Bumi, Eclectic Earthbender","tle","Near Mint","English","","","2026-03-07 21:12:41.343000","248","False","True",""
"2","2","Bumi, King of Three Trials","tla","Near Mint","English","","","2026-01-02 19:17:04.463000","169","False","False","0.75"
"1","1","Bumi, Unleashed","tla","Near Mint","English","","","2026-03-08 12:41:58.483000","211","False","True","34.36"
"1","1","Bumi, Unleashed","tla","Near Mint","English","","","2026-03-08 12:41:54.077000","211","False","False","34.36"
"1","1","Burglar Rat","rvr","Near Mint","English","","","2026-03-05 19:30:33.273000","69","False","False","1.12"
"1","1","Buried Alive","mh3","Near Mint","English","","","2026-04-02 19:47:27.573000","273","False","False","6.58"
"1","1","Buried Alive","mh3","Near Mint","English","","","2026-03-18 19:23:36.000000","273","False","False","7.25"
"1","1","Buried Ruin","onc","Near Mint","English","","","2025-08-23 13:48:13.713000","147","False","False",""
"1","1","Buried Ruin","eoc","Near Mint","English","","","2026-03-05 19:30:33.273000","150","False","False","2.39"
"1","1","Burnished Hart","m3c","Near Mint","English","","","2026-03-01 15:11:23.657000","284","False","False","0.60"
"1","1","Burnished Hart","m3c","Near Mint","English","","","2025-04-08 16:12:26.480000","284","False","False",""
"1","1","Burnished Hart","m3c","Near Mint","English","","","2025-12-25 18:47:18.820000","284","False","False",""
"1","1","Burnished Hart","blc","Near Mint","English","","","2025-12-25 18:44:52.140000","266","False","False",""
"1","1","Butterbur, Bree Innkeeper","ltr","Near Mint","English","","","2026-02-12 18:59:45.910000","197","False","False","0.22"
"1","1","Butterbur, Bree Innkeeper","ltr","Near Mint","English","","","2026-03-05 19:30:33.273000","197","False","False","0.37"
"3","3","Buzzard-Wasp Colony","tla","Near Mint","English","","","2026-01-02 19:17:04.463000","88","False","False","0.37"
"1","1","Cabal Coffers","mb2","Near Mint","English","","","2026-04-24 19:17:35.287000","106","False","False",""
"2","2","Cactuar","fin","Near Mint","English","","","2026-01-03 19:33:47.777000","177","False","False","0.15"
"3","3","Cactuar","fin","Near Mint","English","","","2026-02-12 19:00:18.123000","177","False","False","0.45"
"1","1","Caldera Pyremaw","tdc","Near Mint","English","","","2025-12-25 18:47:35.310000","33","False","False",""
"1","1","Caldera Pyremaw","tdc","Near Mint","English","","","2025-04-08 16:09:19.083000","33","False","False",""
"1","1","Call of the Ring","ltr","Near Mint","English","","","2025-08-23 13:49:11.057000","79","False","False",""
"1","1","Call the Coppercoats","c20","Near Mint","English","","","2026-03-06 07:17:50.233000","23","False","True",""
"2","2","Call the Mountain Chocobo","fin","Near Mint","English","","","2026-01-03 19:33:47.777000","131","False","False","0.67"
"3","3","Call the Mountain Chocobo","fin","Near Mint","English","","","2026-02-12 19:00:18.123000","131","False","False","0.50"
"3","3","Callous Inspector","tla","Near Mint","English","","","2026-01-02 19:17:04.463000","89","False","False","0.75"
"2","2","Campfire","cmm","Near Mint","English","","","2026-03-01 15:11:23.657000","374","False","False","3.96"
"1","1","Canopy Vista","blc","Near Mint","English","","","2025-12-25 18:44:26.810000","296","False","False",""
"3","3","Canyon Crawler","tla","Near Mint","English","","","2026-01-02 19:17:04.463000","90","False","False","0.37"
"2","2","Capital City","fin","Near Mint","English","","","2026-02-12 19:00:18.123000","274","False","False","0.93"
"1","1","Capital City","fin","Near Mint","English","","","2026-01-03 19:33:47.777000","274","False","False","0.97"
"1","1","Cargo Ship","fin","Near Mint","English","","","2026-01-03 19:33:47.777000","47","False","False","0.75"
"1","1","Cargo Ship","fin","Near Mint","English","","","2026-02-12 19:00:18.123000","47","False","False","0.75"
"2","2","Carpet of Flowers","who","Near Mint","English","","","2026-04-24 19:18:57.867000","229","False","False",""
"1","1","Carrier Thrall","cmm","Near Mint","English","","","2026-03-01 15:11:23.657000","142","False","False","0.97"
"1","1","Carrion Feeder","ema","Near Mint","English","","","2026-03-05 19:30:33.273000","84","False","False","22.04"
"1","1","Carrion Feeder","scg","Near Mint","English","","","2026-03-18 19:23:36.000000","59","False","False","18.38"
"1","1","Cartographer's Hawk","cmm","Near Mint","English","","","2026-03-01 15:11:23.657000","18","False","False","1.20"
"1","1","Cartouche of Solidarity","akh","Near Mint","English","foil","","2025-08-23 13:51:16.910000","7","False","False",""
"1","1","Cascade Bluffs","tdc","Near Mint","English","","","2025-12-25 18:47:35.310000","345","False","False",""
"1","1","Cascade Bluffs","tdc","Near Mint","English","","","2025-04-08 16:09:19.083000","345","False","False",""
"1","1","Cast Out","drc","Near Mint","English","","","2025-04-08 17:35:21.267000","64","False","False",""
"2","2","Cast Out","drc","Near Mint","English","","","2025-12-25 18:47:26.150000","64","False","False",""
"1","1","Castle Ardenvale","tdc","Near Mint","English","","","2026-03-06 07:10:54.157000","346","False","True",""
"1","1","Castle Vantress","m3c","Near Mint","English","","","2025-04-08 16:12:26.480000","327","False","False",""
"1","1","Castle Vantress","m3c","Near Mint","English","","","2025-12-25 18:47:18.820000","327","False","False",""
"1","1","Casualties of War","tdc","Near Mint","English","","","2025-04-08 16:08:38.530000","98","False","False",""
"1","1","Casualties of War","tdc","Near Mint","English","","","2025-12-25 18:47:54.260000","98","False","False",""
"1","1","Casualties of War","pip","Near Mint","English","","","2025-12-25 18:47:44.880000","213","False","False",""
"1","1","Casualties of War","pip","Near Mint","English","","","2025-04-08 16:10:20.207000","213","False","False",""
"2","2","Cat-Gator","tla","Near Mint","English","","","2026-01-02 19:17:04.463000","91","False","False","0.45"
"1","1","Cathar Commando","inr","Near Mint","English","","","2026-04-24 19:16:57.227000","15","False","False",""
"1","1","Cathar Commando","inr","Near Mint","English","","","2026-03-06 07:25:52.773000","15","False","True",""
"1","1","Cathar Commando","fdn","Near Mint","English","","","2026-03-05 19:30:33.273000","139","False","False","0.67"
"1","1","Cathars' Crusade","inr","Near Mint","English","","","2026-03-06 07:14:49.883000","17","False","True",""
"1","1","Cathars' Crusade","inr","Near Mint","English","","","2026-04-17 19:40:46.677000","337","False","False",""
"1","1","Cathartic Reunion","2xm","Near Mint","English","","","2025-08-23 13:48:33.477000","121","False","False",""
"1","1","Cathedral Acolyte","pip","Near Mint","English","","","2025-04-08 16:10:20.207000","75","False","False",""
"1","1","Cathedral Acolyte","pip","Near Mint","English","","","2025-12-25 18:47:44.880000","75","False","False",""
"4","4","Cat-Owl","tla","Near Mint","English","","","2026-01-02 19:17:04.463000","212","False","False","0.30"
"1","1","Cavern of Souls","lci","Near Mint","English","","","2026-03-06 07:10:09.623000","345","False","True",""
"1","1","Cavern of Souls","zne","Near Mint","English","foil","","2025-08-23 13:51:16.910000","22","False","False",""
"1","1","Cavern of Souls","plci","Near Mint","English","","","2026-04-14 18:14:55.860000","269p","False","False",""
"1","1","Caves of Koilos","md1","Near Mint","English","","","2026-03-05 19:30:33.273000","14","False","False","5.53"
"1","1","Caves of Koilos","drc","Near Mint","English","","","2025-04-08 17:35:21.267000","148","False","False",""
"2","2","Caves of Koilos","drc","Near Mint","English","","","2025-12-25 18:47:26.150000","148","False","False",""
"1","1","Cayth, Famed Mechanist","m3c","Near Mint","English","foil","","2025-04-08 16:12:26.480000","6","False","False",""
"1","1","Cayth, Famed Mechanist","m3c","Near Mint","English","foil","","2025-12-25 18:47:18.820000","6","False","False",""
"1","1","Cecil, Dark Knight // Cecil, Redeemed Paladin","fin","Near Mint","English","","","2026-02-12 19:00:18.123000","91","False","False","15.39"
"1","1","Cemetery Reaper","drc","Near Mint","English","","","2025-04-08 17:35:21.267000","87","False","False",""
"2","2","Cemetery Reaper","drc","Near Mint","English","","","2025-12-25 18:47:26.150000","87","False","False",""
"1","1","Cephalid Coliseum","mh3","Near Mint","English","foil","","2026-04-02 19:47:27.573000","300","False","False","3.59"
"2","2","Cephalid Coliseum","mh3","Near Mint","English","","","2026-04-02 19:47:27.573000","300","False","False","1.49"
"1","1","Cephalid Coliseum","tdc","Near Mint","English","","","2025-04-08 16:08:38.530000","349","False","False",""
"1","1","Cephalid Coliseum","tdc","Near Mint","English","","","2025-12-25 18:47:54.260000","349","False","False",""
"1","1","Chains of Custody","j22","Near Mint","English","","","2025-08-23 13:51:16.910000","3","False","False",""
"1","1","Champion of Lambholt","2xm","Near Mint","English","","","2026-04-14 17:47:06.773000","156","False","True",""
"2","2","Champion of the Flame","cmm","Near Mint","English","","","2026-03-01 15:11:23.657000","210","False","False","0.45"
"2","2","Champion of Wits","drc","Near Mint","English","","","2025-12-25 18:47:26.150000","72","False","False",""
"1","1","Champion of Wits","drc","Near Mint","English","","","2025-04-08 17:35:21.267000","72","False","False",""
"1","1","Champion's Helm","cmm","Near Mint","English","","","2026-03-01 15:11:23.657000","375","False","False","11.43"
"1","1","Channeled Force","iko","Near Mint","English","","","2025-08-23 13:48:33.477000","180","False","False",""
"2","2","Chaos Warp","tdc","Near Mint","English","","","2026-04-14 17:23:52.017000","208","False","True",""
"1","1","Chaos Warp","moc","Near Mint","English","","","2026-04-17 19:40:46.677000","273","False","False",""
"1","1","Chaos Warp","blc","Near Mint","English","","","2025-12-25 18:44:52.140000","115","False","False",""
"1","1","Chaos Warp","nec","Near Mint","English","","","2025-08-23 13:49:11.057000","104","False","False",""
"1","1","Charitable Levy","mh3","Near Mint","English","","","2026-04-02 19:47:27.573000","21","False","False","0.97"
"1","1","Charming Prince","plst","Near Mint","English","","","2026-04-17 19:40:46.677000","ELD-8","False","False",""
"1","1","Charming Prince","eld","Near Mint","English","","","2026-03-18 19:26:02.940000","8","False","True",""
"1","1","Chasm Skulker","blc","Near Mint","English","","","2025-12-25 18:44:26.810000","164","False","False",""
"1","1","Children of Korlis","tsr","Near Mint","English","","","2026-03-05 19:30:33.273000","14","False","False","1.05"
"2","2","Chocobo Kick","fin","Near Mint","English","","","2026-01-03 19:33:47.777000","178","False","False","0.90"
"3","3","Chocobo Kick","fin","Near Mint","English","","","2026-02-12 19:00:18.123000","178","False","False","0.72"
"1","1","Cho-Manno's Blessing","mmq","Near Mint","English","foil","","2025-08-23 13:51:16.910000","12","False","False",""
"1","1","Chord of Calling","2xm","Near Mint","English","","","2026-04-24 19:17:35.287000","158","False","False",""
"1","1","Chord of Calling","rvr","Near Mint","English","","","2026-04-24 19:18:57.867000","134","False","False",""
"1","1","Chord of Calling","rvr","Near Mint","English","","","2026-04-14 18:14:27.607000","345","False","False",""
"1","1","Chromatic Lantern","m3c","Near Mint","English","","","2026-02-12 18:59:45.910000","285","False","False","14.87"
"1","1","Chromatic Lantern","drc","Near Mint","English","","","2026-03-07 21:23:19.293000","53","False","True","13.60"
"1","1","Chromatic Lantern","cmm","Near Mint","English","","","2026-03-07 21:23:09.870000","376","False","False","13.60"
"1","1","Chromatic Star","brr","Near Mint","English","","","2026-03-08 12:48:53.113000","74","False","False",""
"1","1","Chrome Mox","mrd","Near Mint","English","","","2025-08-23 13:51:16.910000","152","False","False",""
"1","1","Chrome Mox","ema","Near Mint","English","","","2026-03-08 12:48:53.113000","219","False","False",""
"1","1","Cid, Timeless Artificer","fin","Near Mint","English","","","2026-02-12 19:00:18.123000","415","False","False","25.91"
"1","1","Cinder Glade","blc","Near Mint","English","","","2025-12-25 18:44:52.140000","299","False","False",""
"2","2","Circle of Power","fin","Near Mint","English","","","2026-02-12 19:00:18.123000","92","False","False","1.27"
"2","2","Circle of Power","fin","Near Mint","English","","","2026-01-03 19:33:47.777000","92","False","False","1.27"
"1","1","Circuit Mender","neo","Near Mint","English","","","2025-08-23 13:50:26.263000","242","False","False",""
"1","1","City of Brass","2x2","Near Mint","English","foil","","2025-08-23 13:49:47.327000","403","False","False",""
"1","1","City on Fire","pmom","Near Mint","English","","","2026-01-20 20:17:12.323000","135p","False","True",""
"1","1","Cityscape Leveler","bro","Near Mint","English","","","2025-08-23 13:48:13.713000","233","False","False",""
"1","1","Claim the Precious","ltr","Near Mint","English","","","2026-03-05 19:30:33.273000","81","False","False","0.75"
"1","1","Clash of the Eikons","fin","Near Mint","English","","","2026-01-03 19:33:47.777000","180","False","False","0.45"
"1","1","Clash of the Eikons","fin","Near Mint","English","","","2026-02-12 19:00:18.123000","180","False","False","0.45"
"1","1","Cleaver Skaab","mic","Near Mint","English","","","2025-12-26 19:59:18.090000","11","False","True",""
"1","1","Clever Concealment","onc","Near Mint","English","","","2026-02-23 10:29:09.720000","5","False","True",""
"1","1","Clifftop Retreat","blc","Near Mint","English","","","2026-03-06 07:10:33.213000","300","False","True",""
"1","1","Clifftop Retreat","tdc","Near Mint","English","","","2025-04-08 16:09:19.083000","351","False","False",""
"1","1","Clifftop Retreat","tdc","Near Mint","English","","","2025-12-25 18:47:35.310000","351","False","False",""
"1","1","Clive, Ifrit's Dominant // Ifrit, Warden of Inferno","fin","Near Mint","English","","","2026-02-12 19:00:18.123000","133","False","False","25.69"
"1","1","Clive, Ifrit's Dominant // Ifrit, Warden of Inferno","fin","Near Mint","English","","","2026-01-03 19:33:47.777000","133","False","False","25.69"
"1","1","Cloud Key","eoc","Near Mint","English","","","2026-03-08 12:48:53.113000","54","False","False",""
"1","1","Cloud of Darkness","fin","Near Mint","English","","","2026-01-03 19:33:47.777000","217","False","False","0.45"
"1","1","Cloud of Darkness","fin","Near Mint","English","","","2026-02-12 19:00:18.123000","217","False","False","0.45"
"1","1","Cloud of Faeries","moc","Near Mint","English","","","2025-08-23 13:50:26.263000","219","False","False",""
"1","1","Cloudblazer","blc","Near Mint","English","","","2026-03-18 19:23:36.000000","249","False","False","1.35"
"4","4","Cloudbound Moogle","fin","Near Mint","English","","","2026-02-12 19:00:18.123000","11","False","False","0.32"
"1","1","Cloudbound Moogle","fin","Near Mint","English","foil","","2026-02-12 19:00:18.123000","11","False","False","0.45"
"2","2","Cloudbound Moogle","fin","Near Mint","English","","","2026-01-03 19:33:47.777000","11","False","False","0.37"
"1","1","Cloudsculpt Technician","eoe","Near Mint","English","","","2026-02-12 18:59:45.910000","49","False","False","0.22"
"1","1","Cloudshift","a25","Near Mint","English","","","2025-08-23 13:50:26.263000","7","False","False",""
"1","1","Coalition Relic","m3c","Near Mint","English","","","2025-12-25 18:47:18.820000","286","False","False",""
"1","1","Coalition Relic","m3c","Near Mint","English","","","2025-04-08 16:12:26.480000","286","False","False",""
"1","1","Codecracker Hound","eoe","Near Mint","English","","","2026-02-12 18:59:45.910000","50","False","False","0.45"
"1","1","Codex Shredder","cmr","Near Mint","English","","","2026-03-05 19:30:33.273000","304","False","False","1.34"
"1","1","Codex Shredder","cmr","Near Mint","English","","","2025-08-23 13:50:26.263000","304","False","False",""
"4","4","Coeurl","fin","Near Mint","English","","","2026-02-12 19:00:18.123000","12","False","False","0.30"
"3","3","Coeurl","fin","Near Mint","English","","","2026-01-03 19:33:47.777000","12","False","False","0.30"
"1","1","Coiling Oracle","blc","Near Mint","English","","","2025-12-25 18:44:26.810000","250","False","False",""
"1","1","Coldsteel Heart","2x2","Near Mint","English","","","2025-08-23 13:48:13.713000","301","False","False",""
"1","1","Coliseum Behemoth","fin","Near Mint","English","","","2026-01-03 19:33:47.777000","181","False","False","0.52"
"2","2","Coliseum Behemoth","fin","Near Mint","English","","","2026-02-12 19:00:18.123000","181","False","False","0.52"
"1","1","Collective Resistance","mh3","Near Mint","English","","","2026-03-07 21:19:33.430000","147","False","True",""
"2","2","Collective Resistance","mh3","Near Mint","English","","","2026-04-02 19:47:27.573000","147","False","False","15.47"
"3","3","Colossal Dreadmask","mh3","Near Mint","English","","","2026-04-02 19:47:27.573000","148","False","False","0.52"
"1","1","Colossal Grave-Reaver","tdc","Near Mint","English","","","2025-04-08 16:08:38.530000","50","False","False",""
"1","1","Colossal Grave-Reaver","tdc","Near Mint","English","","","2025-12-25 18:47:54.260000","50","False","False",""
"1","1","Combat Celebrant","akr","Near Mint","English","","","2026-02-23 07:44:38.647000","148","False","True",""
"1","1","Combat Thresher","bro","Near Mint","English","","","2025-08-23 13:50:26.263000","35","False","False",""
"3","3","Combat Tutorial","fin","Near Mint","English","","","2026-02-12 19:00:18.123000","48","False","False","0.52"
"3","3","Combat Tutorial","fin","Near Mint","English","","","2026-01-03 19:33:47.777000","48","False","False","0.52"
"1","1","Combustible Gearhulk","scd","Near Mint","English","","","2026-04-14 18:13:59.323000","128","False","False",""
"1","1","Combustible Gearhulk","m3c","Near Mint","English","","","2025-12-25 18:47:18.820000","210","False","False",""
"1","1","Combustible Gearhulk","m3c","Near Mint","English","","","2025-04-08 16:12:26.480000","210","False","False",""
"2","2","Combustion Man","tla","Near Mint","English","","","2026-01-02 19:17:04.463000","127","False","False","0.90"
"1","1","Combustion Technique","tla","Near Mint","English","","","2026-01-02 19:17:04.463000","301","False","False","2.76"
"1","1","Combustion Technique","tla","Near Mint","English","","","2026-01-02 19:17:04.463000","128","False","False","2.24"
"1","1","Comet Crawler","eoe","Near Mint","English","","","2026-02-12 18:59:45.910000","92","False","False","0.15"
"1","1","Comeuppance","mkc","Near Mint","English","","","2026-03-07 12:46:14.223000","58","False","True",""
"1","1","Command Beacon","tdc","Near Mint","English","","","2025-04-08 16:08:38.530000","352","False","False",""
"1","1","Command Beacon","tdc","Near Mint","English","","","2026-03-08 12:48:53.113000","352","False","False",""
"1","1","Command Beacon","tdc","Near Mint","English","","","2025-12-25 18:47:54.260000","352","False","False",""
"1","1","Command Tower","drc","Near Mint","English","","","2025-04-08 17:35:21.267000","59","False","False",""
"1","1","Command Tower","drc","Near Mint","English","","","2025-08-23 13:50:26.263000","60","False","False",""
"1","1","Command Tower","ltc","Near Mint","English","","","2025-08-23 13:49:11.057000","301","False","False",""
"1","1","Command Tower","cmm","Near Mint","English","","","2026-03-01 15:11:23.657000","659","False","False","8.89"
"1","1","Command Tower","pip","Near Mint","English","","","2025-04-08 16:10:20.207000","259","False","False",""
"2","2","Command Tower","drc","Near Mint","English","","","2025-12-25 18:47:26.150000","59","False","False",""
"1","1","Command Tower","m3c","Near Mint","English","","","2026-03-01 15:11:23.657000","331","False","False","1.42"
"1","1","Command Tower","pip","Near Mint","English","foil","","2025-08-23 13:49:47.327000","360","False","False",""
"1","1","Command Tower","fic","Near Mint","English","","","2026-01-20 19:32:28.783000","486","False","True",""
"1","1","Command Tower","pip","Near Mint","English","","","2025-12-25 18:47:44.880000","259","False","False",""
"1","1","Command Tower","fic","Near Mint","English","","","2026-03-08 12:48:53.113000","484","False","False",""
"1","1","Command Tower","m3c","Near Mint","English","","","2025-12-25 18:47:18.820000","331","False","False",""
"2","2","Command Tower","tdc","Near Mint","English","","","2025-12-25 18:47:54.260000","107","False","False",""
"2","2","Command Tower","tdc","Near Mint","English","","","2025-04-08 16:09:19.083000","107","False","False",""
"1","1","Command Tower","blc","Near Mint","English","","","2026-03-05 19:30:33.273000","130","False","False","2.17"
"1","1","Command Tower","m3c","Near Mint","English","","","2025-04-08 16:12:26.480000","331","False","False",""
"2","2","Command Tower","blc","Near Mint","English","","","2025-12-25 18:44:52.140000","130","False","False",""
"1","1","Command Tower","woc","Near Mint","English","","","2025-08-23 13:48:33.477000","156","False","False",""
"1","1","Command Tower","ecc","Near Mint","English","","","2026-03-06 07:11:42.803000","60","False","True",""
"1","1","Commandeer","cmm","Near Mint","English","","","2026-03-01 15:11:23.657000","80","False","False","7.77"
"1","1","Commander's Plate","cmr","Near Mint","English","","","2025-08-23 13:48:13.713000","305","False","False",""
"1","1","Commander's Sphere","cmm","Near Mint","English","","","2026-03-01 15:11:23.657000","655","False","False","1.72"
"1","1","Commander's Sphere","drc","Near Mint","English","","","2025-04-08 17:35:21.267000","125","False","False",""
"1","1","Commander's Sphere","ecc","Near Mint","English","","","2026-03-01 15:11:23.657000","139","False","False","0.82"
"2","2","Commander's Sphere","drc","Near Mint","English","","","2025-12-25 18:47:26.150000","125","False","False",""
"2","2","Commence the Endgame","drc","Near Mint","English","","","2025-12-25 18:47:26.150000","38","False","False",""
"1","1","Commence the Endgame","drc","Near Mint","English","","","2025-04-08 17:35:21.267000","38","False","False",""
"1","1","Communal Brewing","blc","Near Mint","English","","","2025-12-25 18:44:26.810000","29","False","False",""
"2","2","Commune with Beavers","fin","Near Mint","English","","","2026-02-12 19:00:18.123000","182","False","False","0.56"
"1","1","Commune with Beavers","fin","Near Mint","English","","","2026-01-03 19:33:47.777000","182","False","False","0.67"
"5","5","Compassionate Healer","tla","Near Mint","English","","","2026-01-02 19:17:04.463000","13","False","False","0.37"
"1","1","Compulsive Research","tdc","Near Mint","English","","","2025-04-08 16:09:19.083000","147","False","False",""
"1","1","Compulsive Research","tdc","Near Mint","English","","","2025-12-25 18:47:35.310000","147","False","False",""
"1","1","Concealed Courtyard","kld","Near Mint","English","","","2026-03-05 19:30:33.273000","245","False","False","8.59"
"1","1","Conclave's Blessing","rav","Near Mint","English","foil","","2025-08-23 13:51:16.910000","11","False","False",""
"4","4","Conduit Goblin","mh3","Near Mint","English","","","2026-04-02 19:47:27.573000","179","False","False","0.37"
"1","1","Conduit of Ruin","bfz","Near Mint","English","","","2025-08-23 13:48:13.713000","4","False","False",""
"1","1","Conduit of Worlds","tdc","Near Mint","English","","","2025-04-08 16:08:38.530000","251","False","False",""
"1","1","Conduit of Worlds","tdc","Near Mint","English","","","2025-12-25 18:47:54.260000","251","False","False",""
"1","1","Conduit of Worlds","tdc","Near Mint","English","","","2026-02-15 09:04:14.520000","251","False","True",""
"1","1","Confiscation Coup","m3c","Near Mint","English","","","2025-04-08 16:12:26.480000","178","False","False",""
"1","1","Confiscation Coup","m3c","Near Mint","English","","","2025-12-25 18:47:18.820000","178","False","False",""
"1","1","Consecrated Sphinx","2x2","Near Mint","English","","","2026-04-14 18:14:27.607000","43","False","False",""
"1","1","Consider","tdc","Near Mint","English","","","2025-04-08 16:09:19.083000","148","False","False",""
"1","1","Consider","sld","Near Mint","English","foil","","2026-01-03 19:33:47.777000","1524","False","False","122.20"
"1","1","Consider","tdc","Near Mint","English","","","2025-12-25 18:47:35.310000","148","False","False",""
"1","1","Consign to Memory","mh3","Near Mint","English","","","2026-04-02 19:47:27.573000","54","False","False","34.22"
"2","2","Consult the Star Charts","peoe","Near Mint","English","","","2026-04-13 15:48:33.450000","51p","False","True",""
"1","1","Consuming Aberration","tdc","Near Mint","English","","","2025-04-08 16:08:38.530000","283","False","False",""
"2","2","Consuming Corruption","mh3","Near Mint","English","","","2026-04-02 19:47:27.573000","84","False","False","1.57"
"1","1","Contagion Clasp","pip","Near Mint","English","","","2025-12-25 18:47:44.880000","229","False","False",""
"1","1","Contagion Clasp","pip","Near Mint","English","","","2025-04-08 16:10:20.207000","229","False","False",""
"1","1","Contagion Engine","otp","Near Mint","English","","","2026-04-14 17:52:58.160000","61","False","True",""
"1","1","Contaminated Aquifer","tdc","Near Mint","English","","","2025-12-25 18:47:54.260000","353","False","False",""
"1","1","Contaminated Aquifer","tdc","Near Mint","English","","","2025-04-08 16:08:38.530000","353","False","False",""
"1","1","Contaminated Drink","pip","Near Mint","English","","","2025-12-25 18:47:44.880000","99","False","False",""
"1","1","Contaminated Drink","pip","Near Mint","English","","","2025-04-08 16:10:20.207000","99","False","False",""
"3","3","Contaminated Landscape","mh3","Near Mint","English","","","2026-04-02 19:47:27.573000","218","False","False","1.79"
"1","1","Conversion Apparatus","m3c","Near Mint","English","","","2025-12-25 18:47:18.820000","128","False","False",""
"1","1","Conversion Apparatus","m3c","Near Mint","English","","","2025-04-08 16:12:26.480000","128","False","False",""
"1","1","Copperline Gorge","blc","Near Mint","English","","","2025-12-25 18:44:52.140000","301","False","False",""
"1","1","Copycrook","mh3","Near Mint","English","","","2026-04-02 19:47:27.573000","55","False","False","0.82"
"1","1","Coral Sword","fin","Near Mint","English","","","2026-02-12 19:00:18.123000","134","False","False","0.67"
"1","1","Coral Sword","fin","Near Mint","English","","","2026-01-03 19:33:47.777000","134","False","False","0.67"
"1","1","Coram, the Undertaker","m3c","Near Mint","English","","","2026-04-02 19:47:27.573000","7","False","False","2.09"
"1","1","Cornered by Black Mages","fin","Near Mint","English","","","2026-01-03 19:33:47.777000","93","False","False","0.97"
"2","2","Cornered by Black Mages","fin","Near Mint","English","","","2026-02-12 19:00:18.123000","93","False","False","0.86"
"1","1","Corpse Augur","cmm","Near Mint","English","","","2026-03-01 15:11:23.657000","145","False","False","0.52"
"2","2","Corpse Augur","drc","Near Mint","English","","","2025-12-25 18:47:26.150000","40","False","False",""
"1","1","Corpse Augur","drc","Near Mint","English","","","2025-04-08 17:35:21.267000","40","False","False",""
"1","1","Corpse Knight","drc","Near Mint","English","","","2025-04-08 17:35:21.267000","50","False","False",""
"2","2","Corpse Knight","drc","Near Mint","English","","","2025-12-25 18:47:26.150000","50","False","False",""
"1","1","Corpsejack Menace","pip","Near Mint","English","","","2025-12-25 18:47:44.880000","214","False","False",""
"1","1","Corpsejack Menace","plst","Near Mint","English","","","2026-04-14 17:48:35.697000","IMA-197","False","True",""
"3","3","Corrupt Court Official","tla","Near Mint","English","","","2026-01-02 19:17:04.463000","92","False","False","0.30"
"3","3","Corrupted Shapeshifter","mh3","Near Mint","English","","","2026-04-02 19:47:27.573000","56","False","False","0.97"
"1","1","Corsairs of Umbar","ltc","Near Mint","English","","","2025-08-23 13:49:11.057000","19","False","False",""
"1","1","Coruscation Mage","blb","Near Mint","English","","","2026-01-20 19:50:56.733000","131","False","True",""
"1","1","Coruscation Mage","blb","Near Mint","English","","","2025-08-23 13:48:33.477000","131","False","False",""
"1","1","Council's Deliberation","ltr","Near Mint","English","","","2026-02-12 18:59:45.910000","46","False","False","0.52"
"1","1","Counterspell","cmm","Near Mint","English","","","2026-03-01 15:11:23.657000","630","False","False","18.46"
"1","1","Counterspell","cmm","Near Mint","English","","","2026-03-07 12:54:22.660000","81","False","False","11.51"
"3","3","Counterspell","sld","Near Mint","English","foil","","2026-04-14 17:51:39.460000","7010","False","True","20.69"
"1","1","Counterspell","plst","Near Mint","English","","","2026-04-24 19:18:57.867000","A25-50","False","False",""
"1","1","Counterspell","cmm","Near Mint","English","","","2026-03-07 12:54:22.130000","81","False","False","11.51"
"1","1","Courage in Crisis","cmm","Near Mint","English","","","2026-03-01 15:11:23.657000","278","False","False","0.67"
"1","1","Cover of Darkness","acr","Near Mint","English","","","2026-04-14 17:28:25.363000","89","False","True",""
"1","1","Coveted Jewel","m3c","Near Mint","English","","","2025-04-08 16:12:26.480000","287","False","False",""
"1","1","Coveted Jewel","m3c","Near Mint","English","","","2025-12-25 18:47:18.820000","287","False","False",""
"1","1","Coveted Jewel","blc","Near Mint","English","","","2025-12-25 18:44:26.810000","268","False","False",""
"1","1","Coveted Peacock","cmm","Near Mint","English","","","2026-03-01 15:11:23.657000","82","False","False","0.67"
"1","1","Crabomination","mh3","Near Mint","English","","","2026-04-02 19:47:27.573000","85","False","False","1.49"
"1","1","Cracked Earth Technique","tle","Near Mint","English","","","2026-01-02 19:17:04.463000","135","False","False","3.06"
"1","1","Crackle with Power","stx","Near Mint","English","","","2026-02-22 20:47:47.410000","95","False","True",""
"3","3","Cranial Ram","mh3","Near Mint","English","","","2026-04-02 19:47:27.573000","180","False","False","1.20"
"2","2","Crash of Rhino Beetles","cmm","Near Mint","English","","","2026-03-01 15:11:23.657000","279","False","False","0.67"
"1","1","Crashing Drawbridge","tdc","Near Mint","English","","","2026-02-15 09:09:30.587000","316","False","True",""
"1","1","Crashing Wave","tla","Near Mint","English","","","2026-01-02 19:17:04.463000","47","False","False","0.90"
"1","1","Craterhoof Behemoth","tdm","Near Mint","English","","","2026-02-12 18:59:45.910000","138","False","False","104.21"
"1","1","Craterhoof Behemoth","cmm","Near Mint","English","","","2026-03-01 15:11:23.657000","280","False","False","101.27"
"1","1","Crawling Sensation","tdc","Near Mint","English","","","2025-04-08 16:08:38.530000","252","False","False",""
"1","1","Crawling Sensation","tdc","Near Mint","English","","","2025-12-25 18:47:54.260000","252","False","False",""
"1","1","Creative Technique","c21","Near Mint","English","","","2025-08-23 13:48:33.477000","49","False","False",""
"2","2","Crescent Island Temple","tla","Near Mint","English","","","2026-01-02 19:17:04.463000","129","False","False","1.42"
"1","1","Crimson Fleet Commodore","cmm","Near Mint","English","","","2026-03-01 15:11:23.657000","211","False","False","0.97"
"1","1","Crop Rotation","c20","Near Mint","English","","","2026-03-07 21:19:37.573000","169","False","True",""
"1","1","Crop Rotation","ddr","Near Mint","English","","","2026-04-14 18:14:55.860000","7","False","False",""
"4","4","Crossroads Village","fin","Near Mint","English","","","2026-02-12 19:00:18.123000","276","False","False","0.54"
"2","2","Crossroads Village","fin","Near Mint","English","","","2026-01-03 19:33:47.777000","276","False","False","0.60"
"1","1","Crowded Crypt","drc","Near Mint","English","","","2026-03-09 20:13:22.797000","88","False","False",""
"1","1","Crucible of Worlds","10e","Near Mint","English","","","2026-03-08 12:48:53.113000","319","False","False",""
"2","2","Crucible of Worlds","m19","Near Mint","English","","","2026-03-07 12:09:56.000000","229","False","True",""
"1","1","Crucible of Worlds","2x2","Near Mint","English","foil","","2025-08-23 13:49:47.327000","393","False","False",""
"2","2","Cruel Administrator","tla","Near Mint","English","","","2026-01-02 19:17:04.463000","213","False","False","0.67"
"1","1","Crumbling Necropolis","ltc","Near Mint","English","","","2025-08-23 13:49:11.057000","302","False","False",""
"1","1","Cryogen Relic","eoe","Near Mint","English","","","2026-03-08 12:48:53.113000","52","False","False",""
"1","1","Crypt of Agadeem","tdc","Near Mint","English","","","2025-12-25 18:47:54.260000","354","False","False",""
"1","1","Crypt of Agadeem","tdc","Near Mint","English","","","2025-04-08 16:08:38.530000","354","False","False",""
"1","1","Crypt Rats","mh1","Near Mint","English","","","2026-03-05 19:30:33.273000","84","False","False","4.63"
"1","1","Cryptbreaker","drc","Near Mint","English","","","2025-04-08 17:35:21.267000","41","False","False",""
"2","2","Cryptbreaker","drc","Near Mint","English","","","2025-12-25 18:47:26.150000","41","False","False",""
"1","1","Cryptcaller Chariot","dft","Near Mint","English","","","2025-12-26 20:00:35.900000","80","False","True",""
"1","1","Cryptic Serpent","cmm","Near Mint","English","","","2026-03-01 15:11:23.657000","83","False","False","10.01"
"1","1","Crystal Fragments // Summon: Alexander","fin","Near Mint","English","foil","","2026-02-12 19:00:18.123000","13","False","False","1.42"
"2","2","Crystal Fragments // Summon: Alexander","fin","Near Mint","English","","","2026-02-12 19:00:18.123000","13","False","False","0.75"
"1","1","Crystal Fragments // Summon: Alexander","fin","Near Mint","English","","","2026-01-03 19:33:47.777000","13","False","False","0.60"
"1","1","Crystal Skull, Isu Spyglass","acr","Near Mint","English","","","2026-03-08 12:48:53.113000","158","False","False",""
"1","1","Crystal Vein","cma","Near Mint","English","","","2025-08-23 13:48:13.713000","246","False","False",""
"1","1","Culling Ritual","dsc","Near Mint","English","","","2026-02-12 18:59:45.910000","85","False","False","8.67"
"2","2","Cultivate","blc","Near Mint","English","","","2025-12-25 18:44:52.140000","212","False","False",""
"1","1","Cultivate","pip","Near Mint","English","","","2025-04-08 16:10:20.207000","196","False","False",""
"1","1","Cultivate","tdc","Near Mint","English","","","2025-12-25 18:47:54.260000","253","False","False",""
"1","1","Cultivate","pip","Near Mint","English","","","2025-12-25 18:47:44.880000","196","False","False",""
"1","1","Cultivate","tdc","Near Mint","English","","","2025-04-08 16:08:38.530000","253","False","False",""
"3","3","Cunning Maneuver","tla","Near Mint","English","","","2026-01-02 19:17:04.463000","130","False","False","0.37"
"1","1","Cunning Nightbonder","iko","Near Mint","English","","","2026-04-13 15:43:52.207000","219","False","True",""
"2","2","Curious Farm Animals","tla","Near Mint","English","","","2026-01-02 19:17:04.463000","14","False","False","1.05"
"1","1","Curse of Opulence","tdc","Near Mint","English","","","2025-12-25 18:47:35.310000","209","False","False",""
"1","1","Curse of Silence","mid","Near Mint","English","foil","","2025-08-23 13:51:16.910000","326","False","False",""
"1","1","Curse of the Swine","tdc","Near Mint","English","","","2025-04-08 16:09:19.083000","149","False","False",""
"1","1","Curse of the Swine","tdc","Near Mint","English","","","2025-12-25 18:47:35.310000","149","False","False",""
"1","1","Cursed Mirror","mh3","Near Mint","English","","","2026-04-02 19:47:27.573000","279","False","False","7.55"
"1","1","Cursed Wombat","mh3","Near Mint","English","","","2026-04-02 19:47:27.573000","181","False","False","1.05"
"1","1","Custodi Squire","cmm","Near Mint","English","","","2026-03-01 15:11:23.657000","19","False","False","1.20"
"4","4","Cycle of Renewal","tla","Near Mint","English","","","2026-01-02 19:17:04.463000","170","False","False","0.82"
"1","1","Cyclonic Rift","mm3","Near Mint","English","","","2026-04-24 19:18:57.867000","35","False","False",""
"3","3","Cyclonic Rift","cmm","Near Mint","English","","","2026-04-14 17:51:57.837000","84","False","True",""
"1","1","Cyclonic Rift","cmm","Near Mint","English","","","2026-04-14 18:14:55.860000","84","False","False",""
"2","2","Cyclops Electromancer","cmm","Near Mint","English","","","2026-03-01 15:11:23.657000","212","False","False","0.30"
"3","3","Cyclops Superconductor","mh3","Near Mint","English","","","2026-04-02 19:47:27.573000","182","False","False","0.15"
"1","1","Dai Li Agents","tla","Near Mint","English","","","2026-01-02 19:17:04.463000","214","False","False","0.52"
"3","3","Dai Li Indoctrination","tla","Near Mint","English","","","2026-01-02 19:17:04.463000","93","False","False","0.60"
"1","1","Dakmor Salvage","eoc","Near Mint","English","","","2026-03-05 19:30:33.273000","156","False","False","1.64"
"1","1","Damn","drc","Near Mint","English","","","2025-04-08 17:35:21.267000","89","False","False",""
"2","2","Damn","drc","Near Mint","English","","","2025-12-25 18:47:26.150000","89","False","False",""
"1","1","Dance with Calamity","moc","Near Mint","English","","","2025-08-23 13:48:33.477000","29","False","False",""
"1","1","Danitha Capashen, Paragon","woc","Near Mint","English","","","2026-03-01 15:11:23.657000","64","False","False","2.84"
"1","1","Danitha Capashen, Paragon","cmm","Near Mint","English","","","2026-03-01 15:11:23.657000","20","False","False","1.49"
"1","1","Daring Waverider","blb","Near Mint","English","","","2025-08-23 13:48:33.477000","44","False","False",""
"1","1","Dark Confidant","fin","Near Mint","English","","","2026-01-03 19:33:47.777000","94","False","False","32.34"
"1","1","Dark Confidant","fin","Near Mint","English","","","2026-02-12 19:00:18.123000","94","False","False","32.34"
"1","1","Dark Endurance","eoe","Near Mint","English","","","2026-02-12 18:59:45.910000","93","False","False","0.15"
"2","2","Dark Ritual","mb2","Near Mint","English","","","2026-04-13 16:27:31.923000","179","False","True",""
"1","1","Dark Ritual","ice","Near Mint","English","","","2025-08-23 13:49:11.057000","120","False","False",""
"1","1","Dark Ritual","fca","Near Mint","English","","","2026-02-12 19:00:18.123000","8","False","False","65.26"
"1","1","Dark Ritual","mir","Near Mint","English","","","2026-04-17 19:40:46.677000","116","False","False",""
"1","1","Darkblast","rvr","Near Mint","English","","","2026-03-05 19:30:33.273000","454","False","False","6.35"
"1","1","Darkmoss Bridge","mh2","Near Mint","English","","","2026-02-15 09:36:05.163000","245","False","True",""
"1","1","Darksteel Citadel","mm2","Near Mint","English","","","2026-03-08 12:48:53.113000","238","False","False",""
"1","1","Darksteel Citadel","ddu","Near Mint","English","","","2025-08-23 13:48:13.713000","65","False","False",""
"1","1","Darksteel Citadel","c21","Near Mint","English","","","2026-02-15 09:22:32.177000","285","False","True",""
"1","1","Darksteel Ingot","cmm","Near Mint","English","","","2026-03-01 15:11:23.657000","378","False","False","1.35"
"1","1","Darksteel Monolith","cmm","Near Mint","English","","","2025-08-23 13:48:13.713000","743","False","False",""
"1","1","Darksteel Mutation","cmm","Near Mint","English","","","2026-03-01 15:11:23.657000","623","False","False","17.19"
"1","1","Darksteel Mutation","voc","Near Mint","English","","","2025-08-23 13:51:16.910000","84","False","False",""
"1","1","Darkwater Catacombs","pip","Near Mint","English","","","2025-12-25 18:47:44.880000","260","False","False",""
"1","1","Darkwater Catacombs","tdc","Near Mint","English","","","2025-12-25 18:47:54.260000","355","False","False",""
"1","1","Darkwater Catacombs","tdc","Near Mint","English","","","2025-04-08 16:08:38.530000","355","False","False",""
"1","1","Darkwater Catacombs","tdc","Near Mint","English","","","2026-03-08 12:48:53.113000","355","False","False",""
"1","1","Dauthi Voidwalker","tdc","Near Mint","English","","","2025-12-25 18:47:54.260000","176","False","False",""
"1","1","Dawn Charm","uma","Near Mint","English","","","2026-03-07 12:47:33.887000","13","False","True",""
"1","1","Dawn of a New Age","ltr","Near Mint","English","","","2026-03-06 07:15:15.140000","5","False","True",""
"1","1","Dawnbringer Cleric","clb","Near Mint","English","","","2025-08-23 13:50:26.263000","15","False","False",""
"1","1","Day of Black Sun","tla","Near Mint","English","","","2026-01-02 19:17:04.463000","94","False","False","6.65"
"1","1","Daybreak Coronet","fut","Near Mint","English","foil","","2025-08-23 13:51:16.910000","21","False","False",""
"1","1","Deadeye Navigator","inr","Near Mint","English","","","2025-08-23 13:50:26.263000","59","False","False",""
"2","2","Deadly Dispute","clb","Near Mint","English","","","2026-04-14 17:25:34.003000","124","False","True",""
"4","4","Deadly Precision","tla","Near Mint","English","","","2026-01-02 19:17:04.463000","95","False","False","0.37"
"1","1","Deadly Recluse","cmm","Near Mint","English","","","2026-03-01 15:11:23.657000","282","False","False","0.75"
"1","1","Deadly Rollick","cmm","Near Mint","English","","","2026-01-20 20:10:40.483000","147","False","True",""
"2","2","Deadly Rollick","sld","Near Mint","English","","","2026-04-24 19:17:35.287000","1754","False","False",""
"1","1","Deadly Rollick","c20","Near Mint","English","","","2026-04-24 19:18:57.867000","42","False","False",""
"2","2","Deadly Rollick","tle","Near Mint","English","","","2026-04-13 16:27:54.310000","309","False","True",""
"1","1","Deadly Tempest","pz1","Near Mint","English","","","2026-02-15 09:51:38.053000","42","False","True",""
"1","1","Deafening Silence","eld","Near Mint","English","","","2025-08-23 13:51:16.910000","10","False","False",""
"1","1","Death Baron","m19","Near Mint","English","","","2025-12-26 19:59:28.143000","90","False","True",""
"1","1","Death Begets Life","tdm","Near Mint","English","","","2026-02-13 19:45:23.673000","354","False","False",""
"4","4","Deceptive Landscape","mh3","Near Mint","English","","","2026-04-02 19:47:27.573000","219","False","False","0.75"
"1","1","Decimate","blc","Near Mint","English","","","2025-12-25 18:44:52.140000","251","False","False",""
"1","1","Decoction Module","m3c","Near Mint","English","","","2025-12-25 18:47:18.820000","288","False","False",""
"1","1","Decoction Module","m3c","Near Mint","English","","","2025-04-08 16:12:26.480000","288","False","False",""
"1","1","Decode Transmissions","eoe","Near Mint","English","","","2026-02-12 18:59:45.910000","94","False","False","0.37"
"1","1","Decree of Justice","mh3","Near Mint","English","","","2026-04-02 19:47:27.573000","263","False","False","0.82"
"2","2","Deem Inferior","mh3","Near Mint","English","","","2026-04-02 19:47:27.573000","57","False","False","1.12"
"1","1","Deep Analysis","tdc","Near Mint","English","","","2025-04-08 16:09:19.083000","150","False","False",""
"1","1","Deep Analysis","tdc","Near Mint","English","","","2025-12-25 18:47:35.310000","150","False","False",""
"2","2","Deep Analysis","mh3","Near Mint","English","","","2026-04-02 19:47:27.573000","268","False","False","0.52"
